3609 5642
616 518 698 580 76
1627 513 1874 581 minens
1917 535 2072 581 rans
2113 536 2199 580 m.

610 702 874 768 eandem
939 704 1084 769 odio
1129 703 1475 769 habemus:
1523 708 1586 768 et
1632 708 1951 788 quatenus
1997 707 2303 788 praeterea
2347 703 2595 787 aliquid
2638 699 2873 767 habere
2914 655 3232 786 imagina-

612 811 756 855 mur
802 793 1011 857 simile
1055 793 1256 875 alteri,
1303 812 1448 876 quae
1493 812 1612 860 nos
1658 811 1842 876 aeque
1887 811 2119 876 magno
2166 791 2429 856 Ioetitiae
2473 791 2704 856 affectu
2749 790 3000 856 afficere
3048 789 3237 884 solet,

609 899 794 1035 2³5³&
812 901 1093 1036 03:12¹}
1128 881 1824 1036 ofl'ffififfssefiffifflss
1854 881 2460 1035 effliffiffl
2506 878 2709 1048 {⁷⁰2⁴
2744 884 2989 1032 ²⁰13⁶⁹⁶³³
3037 885 3232 963 ”qm

1683 1102 2154 1148 SOHOLIUM.

698 1180 856 1247 Haec
913 1182 1160 1249 Mentis
1224 1184 1593 1263 constitutio,
1659 1204 1802 1268 quoe
1867 1182 2093 1248 scilicet
2137 1204 2214 1248 ex
2260 1182 2500 1248 duobus
2542 1180 2877 1246 contrariis
2919 1180 3234 1259 affectibus

609 1272 833 1355 oritur,
906 1273 1126 1338 Animi
1192 1278 1489 1338 vocatur·
1525 1272 1905 1352 Fluctuatio,
1966 1293 2113 1357 quae
2175 1272 2440 1356 proinde
2485 1271 2782 1336 affectum
2831 1271 3109 1354 respicit,
3159 1273 3233 1333 ut

610 1360 920 1426 dubitatio
965 1364 1487 1447 imaginationem
1531 1361 1679 1440 (vid.
1726 1360 1923 1426 Schol.
1969 1360 2167 1446 Prop.
2215 1361 2320 1425 44.
2362 1379 2423 1445 Ρ.
2470 1360 2592 1444 2.);
2640 1378 2760 1424 nec
2797 1360 3019 1423 Animi
3042 1357 3230 1422 Fluc-

608 1451 810 1514 tuatio
877 1456 941 1515 et
1008 1451 1318 1516 dubitatio
1363 1453 1530 1515 inter
1573 1470 1643 1516 se
1688 1451 2009 1533 differunt,
2056 1451 2182 1516 nisi
2227 1450 2584 1515 secundum
2618 1449 2839 1552 ‘maius
2885 1453 2948 1513 et
2994 1449 3229 1511 minus

608 1537 733 1603 Sed
775 1540 1146 1622 notandum,
1194 1559 1295 1605 me
1339 1542 1408 1604 in
1455 1539 1898 1624 Propositione
1942 1539 2326 1644 praecedenti
2368 1539 2484 1604 has
2531 1539 2729 1602 animi
2773 1536 3231 1602 fluctuationes

608 1645 692 1692 ex
736 1629 949 1694 causis
998 1630 1360 1712 deduxisse,
1407 1649 1553 1713 quae
1599 1648 1713 1714 per
1758 1648 1829 1694 se
1873 1631 2090 1711 uniuS,
2136 1633 2199 1693 et
2244 1647 2356 1712 per
2401 1628 2694 1692 accidens
2739 1626 3004 1690 alterius
3043 1625 3229 1690 aflec-

607 1720 715 1782 tus
781 1724 934 1782 sunt
1000 1737 1228 1799 causa3
1300 1718 1474 1802 quod
1540 1719 1684 1784 ideo
1747 1719 1891 1801 feci,
1956 1719 2109 1802 quia
2154 1719 2247 1783 sic
2290 1717 2544 1782 facilius
2590 1734 2673 1781 ex
2720 1713 3229 1799 proecedentibus

607 1805 839 1870 deduci
903 1811 1226 1891 poterant3
1295 1812 1361 1871 at
1418 1824 1550 1871 non
1596 1806 1770 1891 quod
1813 1825 2061 1890 negem,
2109 1808 2307 1871 animi
2350 1805 2803 1871 fluctuationes
2848 1804 3229 1889 plerumque

606 1895 760 1957 oriri
805 1893 884 1958 ab
931 1894 1197 1979 object0,
1242 1894 1417 1980 quod
1466 1898 1808 1981 utriusque
1852 1896 2115 1961 affectus
2161 1897 2244 1961 sit
2289 1893 2574 1960 efficiens
2621 1911 2831 1957 causa.
2869 1892 3037 1956 Nam
3076 1890 3225 1955 Gor-

606 2002 729 2066 pus
778 1984 1129 2049 humanum
1176 1989 1327 2068 (per
1372 1983 1537 2049 Post.
1586 1985 1644 2049 1.
1687 2004 1750 2068 Ρ.
1797 1984 1883 2064 2.)
1928 2003 2011 2049 ex
2057 1986 2355 2068 plurimis
2401 1983 2673 2048 diverses
2719 1987 2967 2046 naturae
2991 1981 3227 2044 indivi-

608 2071 754 2136 duis
813 2076 1238 2158 componitur,
1283 2082 1477 2158 atque
1523 2074 1680 2139 adeo
1727 2079 1746 2154 (
1758 2092 1875 2156 per
1919 2072 2042 2138 Ax.
2091 2074 2148 2136 1.
2191 2077 2331 2157 post
2374 2072 2545 2137 Lem.
2593 2072 2652 2134 3.
2702 2071 2867 2156 quod
2908 2070 3048 2135 vide
3088 2075 3229 2154 post

607 2159 803 2244 Prop.
854 2162 955 2225 13.
997 2182 1059 2247 Ρ.
1107 2163 1195 2246 2.)
1241 2162 1319 2226 ab
1368 2182 1499 2227 uno
1546 2163 1901 2247 eodemque
1944 2181 2206 2247 corpore
2251 2163 2547 2247 plurimis
2592 2160 2997 2243 diversisque
3021 2159 3230 2223 modis

607 2255 816 2334 potest
885 2250 1085 2332 affici;
1157 2256 1220 2316 et
1279 2257 1516 2335 contra,
1579 2254 1732 2337 quia
1776 2271 1908 2315 una
1954 2251 2306 2335 eademque
2351 2270 2454 2316 res
2500 2250 2722 2314 multis
2770 2249 2976 2313 modis
3022 2254 3232 2332 potest

606 2338 794 2422 affici,
842 2339 1063 2405 multis
1108 2359 1259 2425 ergo
1306 2342 1493 2405 etiam
1544 2341 1946 2425 diversisque
1992 2340 2200 2405 modis
2245 2360 2442 2404 unam
2489 2338 2888 2422 eandemque
2934 2337 3230 2422 Corporis

605 2434 847 2512 partem
919 2429 1170 2496 afficere
1238 2431 1485 2514 poterit.
1555 2429 1659 2494 Ex
1720 2430 1962 2514 quibus
2006 2429 2191 2494 facile
2236 2430 2569 2513 concipere
2614 2447 2979 2513 possumus,
3024 2446 3228 2491 unum

604 2517 906 2602 idemque
988 2518 1307 2602 objectum
1389 2537 1579 2603 posse
1663 2536 1805 2584 esse
1887 2537 2148 2584 causam
2216 2518 2568 2582 multorum
2635 2518 3231 2600 contrariorumque

604 2606 966 2672 affectuum.

1399 2731 2098 2799 PROPOSITIO
2189 2731 2438 2797 XVIII.

693 2843 897 2909 Homo
963 2865 1040 2910 ex
1098 2846 1365 2929 imayine
1407 2847 1503 2911 rei
1540 2848 1884 2931 proeteritoe
1926 2854 2045 2913 aut
2091 2847 2339 2931 futurae
2383 2845 2589 2911 eodem
2638 2843 2906 2909 Laetitiae
2950 2849 3006 2909 et
3052 2843 3230 2909 Tris·

604 2933 761 2998 titioe
804 2933 1031 3015 affectu
1072 2934 1388 3019 afficitur,
1433 2956 1508 3000 ac
1550 2956 1628 3001 ex
1670 2937 1945 3020 imayine
1988 2936 2085 3001 rei
2123 2936 2471 3020 proesentis.

1558 3067 2274 3115 DEMONSTRATIO.

692 3145 1013 3224 Quamdiu
1059 3148 1250 3213 homo
1295 3151 1388 3215 rei
1435 3149 1708 3232 aliquus
1752 3151 2036 3234 imagine
2081 3149 2349 3214 affectus
2395 3153 2511 3230 est,
2557 3167 2691 3213 rem
2732 3152 2806 3212 ut
2829 3150 3233 3231 praesentem,

602 3238 855 3302 tametsi
913 3257 1045 3302 non
1091 3240 1344 3321 existat,
1389 3238 1927 3323 contemplabitur
1971 3244 1994 3318 (
2007 3258 2122 3323 per
2165 3237 2361 3319 Prop.
2410 3238 2513 3301 17.
2557 3257 2619 3321 Ρ.
2666 3237 2725 3300 2.
2772 3256 2909 3301 cum
2952 3235 3233 3318 ejusdem

605 3323 824 3392 Coroll.
829 3329 867 3408 ),
934 3346 1053 3392 nec
1098 3328 1302 3411 ipsam
1350 3332 1422 3391 ut
1468 3330 1854 3412 praeteritam
1900 3334 2011 3393 aut
2056 3327 2338 3393 futuram
2385 3328 2792 3410 imaginatur,
2834 3326 2963 3389 nisi
3009 3329 3231 3408 quate-

603 3435 730 3481 nus
799 3416 940 3498 ejus
998 3417 1211 3499 imago
1252 3419 1477 3500 Juncta
1525 3421 1623 3481 est
1666 3418 1936 3521 imagini
1981 3419 2286 3502 temporis
2332 3417 2637 3501 praeteriti
2681 3420 2795 3480 aut
2837 3414 3039 3478 futuri
3085 3413 3229 3496 (vid.

602 3500 795 3570 Schol.
840 3502 1037 3588 Prop.
1080 3503 1183 3569 44.
1225 3524 1288 3589 Ρ.
1335 3505 1435 3586 2..)
1484 3503 1696 3582 Quare
1740 3509 1831 3570 rei
1877 3508 2109 3590 image,
2156 3507 2222 3568 in
2271 3524 2341 3571 se
2386 3506 2522 3569 sola
2566 3505 2982 3584 considerata,
3005 3502 3232 3567 eadem

600 3598 714 3676 est,
760 3595 896 3658 sive
941 3594 1021 3658 ad
1063 3599 1318 3679 tempus
1362 3594 1656 3659 futurum
1704 3595 1806 3659 vel
1853 3597 2263 3679 praeteritum,
2308 3595 2445 3659 sive
2470 3593 2551 3658 ad
2574 3612 2860 3679 praesens
2882 3591 3228 3672 referatur3

596 3682 717 3746 hoc
762 3688 860 3747 est
904 3686 1054 3766 (per
1102 3680 1320 3748 coron.
1367 3683 1425 3746 2.
1473 3681 1668 3768 Prop.
1719 3683 1823 3748 16.
1864 3703 1927 3767 Ρ.
1978 3683 2082 3766 2.),
2132 3682 2425 3767 Corporis
2471 3684 2839 3748 constitutio
2880 3700 2994 3746 seu
3046 3680 3231 3746 affec-

597 3775 707 3836 tus
751 3770 921 3837 idem
969 3776 1083 3853 est,
1130 3773 1266 3836 sive
1309 3774 1522 3856 imago
1569 3775 1652 3837 sit
1700 3775 1791 3836 rei
1839 3775 2175 3856 praeteritae
2222 3773 2322 3837 vel
2371 3771 2625 3853 futurae,
2673 3775 2812 3836 sive
2856 3773 3227 3855 praesentis3

600 3865 793 3944 atque
861 3860 1019 3925 adeo
1087 3860 1350 3926 affectus
1409 3860 1677 3926 Laetitiae
1740 3867 1804 3926 et
1848 3862 2145 3926 Tristitiae
2192 3862 2362 3925 idem
2409 3865 2523 3938 est,
2569 3862 2705 3926 sive
2747 3862 2957 3944 imago
3005 3861 3091 3924 sit
3138 3860 3233 3924 rei

602 3951 937 4034 praeteritae
982 3953 1094 4014 aut
1138 3949 1394 4034 futurae,
1438 3953 1576 4016 sive
1622 3954 1972 4034 praesentis.
2026 3949 2094 4031 Q.
2139 3949 2217 4014 E.
2263 3948 2346 4015 D.

1620 4081 2078 4129 scaonrun
2144 4062 2194 4127 L

691 4161 851 4228 Rem
913 4167 1177 4229 eatenus
1222 4166 1608 4249 praeteritam
1654 4168 1768 4228 aut
1813 4164 2096 4228 futuram
2145 4165 2249 4228 hic
2294 4183 2475 4247 voco,
2520 4167 2839 4248 quatenus
2884 4160 2964 4225 ab
3010 4161 3230 4226 eadem

602 4251 809 4316 affecti
876 4251 1120 4318 fuimus
1186 4258 1298 4317 aut
1367 4252 1737 4318 afficiemur.
1804 4252 1926 4317 Ex.
1990 4272 2083 4337 gr.
2155 4258 2474 4337 quatenus
2535 4253 2740 4336 ipsam
2788 4250 3075 4315 vidimus
3121 4255 3233 4315 aut

602 4340 986 4422 videbimus,
1045 4361 1163 4406 nos
1207 4342 1442 4424 refecit,
1490 4346 1603 4406 aut
1647 4341 1907 4426 reficiet,
1956 4361 2075 4406 nos
2118 4342 2288 4407 laesit
2332 4347 2445 4406 aut
2487 4341 2689 4422 laedet,
2735 4345 2851 4405 etc.
2898 4338 3231 4416 Quatenus

601 4431 772 4494 enim
842 4429 1106 4495 eandem
1173 4432 1267 4495 sic
1334 4432 1782 4516 imaginamur,
1845 4438 2111 4496 eatenus
2158 4433 2296 4515 ejus
2347 4431 2752 4496 existentiam
2800 4427 3228 4509 affirmamus3

603 4519 725 4582 hoc
792 4524 907 4600 est,
974 4518 1219 4603 Corpus
1285 4520 1465 4584 nullo
1529 4520 1758 4585 affectu
1821 4519 2117 4604 afficitur,
2164 4522 2278 4604 qui
2326 4522 2419 4584 rei
2466 4520 2874 4584 existentiam
2922 4518 3231 4601 secludat,

603 4612 797 4692 atque
858 4608 1014 4672 adeo
1082 4613 1230 4688 (per
1290 4608 1477 4692 Prop.
1526 4607 1629 4672 17.
1663 4630 1732 4694 Ρ.
1780 4608 1865 4687 2.)
1913 4608 2159 4694 Corpus
2208 4609 2493 4692 ejusdem
2543 4610 2637 4673 rei
2683 4608 2962 4710 imagine
3008 4606 3234 4672 eodem

504 4696 511 4701 ”
604 4697 792 4761 modo
837 4695 1134 4779 afficitur,
1177 4716 1250 4761 ac
1296 4698 1352 4762 si
1396 4717 1499 4762 res
1544 4699 1683 4801 ipsa
1729 4717 2012 4782 praesens
2058 4698 2324 4763 adesset.
2370 4697 2615 4762 Verum
2662 4698 2834 4761 enim
2881 4714 3056 4780 vere,
3079 4698 3233 4781 quia

598 4786 978 4871 plerumque
1045 4785 1133 4869 fit,
1198 4792 1272 4850 ut
1330 4787 1396 4870 ii,
1456 4788 1569 4870 qui
1613 4788 1803 4871 plura
1850 4792 2003 4851 sunt
2050 4789 2315 4871 experti,
2359 4785 2693 4869 fluctuent,
2742 4784 3049 4869 quamdiu
3096 4804 3231 4850 rem

600 4879 674 4940 ut
728 4874 1016 4941 futuram
1077 4874 1177 4940 vel
1223 4877 1606 4960 proeteritam
1652 4875 2180 4961 contemplantur,
2227 4876 2435 4960 deque
2480 4877 2572 4941 rei
2619 4879 2855 4940 eventu
2904 4879 2981 4938 ut
3027 4873 3230 4960 pluri-
