3609 5642
562 495 689 561 158
1591 514 1841 560 mons
1881 514 2038 560 runs
2080 514 2166 559 Π.

1500 680 1872 747 CAPUT
1958 680 2248 745 XXXII,

640 793 766 859 Sed
811 795 1093 858 humana
1138 794 1420 877 potentia
1465 793 1812 860 admodum
1859 796 2132 859 limitata
2178 800 2293 876 est,
2338 799 2401 859 et
2439 814 2477 858 a
2517 796 2801 878 potentia
2838 812 3185 858 causarum

552 890 962 949 externarum
1024 883 1273 948 infinite
1334 887 1708 968 superatum
1769 891 1964 968 atque
2009 884 2168 949 adeo
2216 887 2590 969 potestatem
2641 883 2999 949 absolutam
3049 901 3185 946 non

550 973 881 1056 habemus,
925 992 1047 1055 res,
1093 991 1241 1057 quae
1288 978 1470 1037 extra
1515 991 1636 1038 nos
1683 978 1856 1055 sunt,
1902 974 1984 1038 ad
2022 979 2315 1038 nostrum
2356 992 2551 1038 usum
2577 973 2853 1057 aptandi.
2878 973 3185 1036 Attamen

554 1081 647 1145 ea,
694 1081 843 1147 quae
888 1062 1077 1128 nobis
1124 1062 1431 1127 eveniunt
1474 1067 1695 1127 contra
1741 1063 1828 1144 id,
1867 1064 2041 1146 quod
2082 1067 2322 1127 nostrae
2362 1063 2661 1127 utilitatis
2699 1064 2862 1126 ratio
2884 1061 3189 1145 postulat,

555 1170 745 1237 aequo
789 1153 1004 1216 animo
1048 1151 1349 1233 feremus,
1394 1152 1452 1216 si
1497 1152 1742 1217 conscii
1780 1153 2007 1234 simus,
2045 1171 2164 1218 nos
2200 1151 2457 1217 functos
2481 1158 2704 1217 nostro
2730 1151 2940 1215 officio
2964 1149 3188 1230 fuisse,

554 1245 619 1306 et
660 1241 1029 1325 potentiam,
1073 1260 1268 1326 quam
1314 1239 1644 1324 habemus,
1690 1258 1822 1305 non
1870 1242 2156 1325 potuisse
2201 1260 2272 1307 se
2317 1259 2393 1306 eo
2442 1260 2654 1325 usque
2699 1240 3063 1322 extendere,
3107 1243 3188 1303 ut

557 1329 780 1396 eadem
850 1331 1053 1395 vitare
1122 1348 1495 1414 possemus;
1565 1349 1819 1415 nosque
1884 1336 2128 1415 partem
2196 1331 2397 1395 totius
2458 1329 2726 1395 Naturae
2788 1347 2947 1411 esse,
2993 1329 3097 1411 cuj
3108 1347 3185 1392 us

557 1419 846 1485 ordinem
915 1421 1265 1503 sequimur.
1336 1416 1525 1495 Quod
1584 1421 1642 1484 si
1701 1419 1872 1485 clare
1926 1425 1992 1485 et
2036 1419 2334 1485 distincte
2378 1419 2835 1504 intelligamus,
2878 1436 3029 1503 pars
3073 1417 3188 1481 illa

558 1510 779 1592 nostri,
848 1527 996 1592 quae
1064 1507 1489 1592 intelligentia
1557 1507 1879 1591 definitur,
1939 1509 2060 1573 hoc
2120 1513 2218 1573 est
2264 1528 2410 1593 pars
2458 1509 2682 1574 melior
2728 1508 2947 1589 nostri,
2990 1509 3058 1570 in
3108 1525 3186 1571 eo

554 1597 745 1682 plane
812 1598 1195 1682 acquiescet,
1254 1601 1319 1662 et
1379 1599 1444 1662 in
1509 1616 1584 1662 ea
1630 1599 2104 1681 acquiescentia
2150 1617 2556 1682 perseverare
2602 1598 2956 1663 conabitur.
3001 1593 3188 1679 Nam,

560 1693 880 1771 quatenus
952 1687 1393 1770 intelligimus,
1459 1686 1621 1751 nihil
1691 1692 1990 1772 appetere
2052 1688 2179 1752 nisi
2237 1687 2322 1771 id,
2368 1688 2543 1771 quod
2589 1688 3023 1753 necessarium
3071 1690 3188 1768 est,

554 1796 675 1842 nec
740 1775 1052 1860 absolute,
1109 1776 1239 1840 nisi
1290 1777 1359 1839 in
1410 1776 1600 1857 veris,
1645 1779 2056 1861 acquiescere
2098 1795 2478 1860 possumus3
2527 1777 2816 1861 adeoque
2862 1779 3185 1859 quatenus

557 1867 696 1930 haec
762 1871 931 1931 recte
997 1865 1437 1949 intelligimus,
1506 1869 1772 1931 eatenus
1840 1871 2113 1930 conatus
2176 1865 2455 1932 melioris
2516 1869 2716 1951 partis
2776 1866 2982 1929 nostri
3027 1883 3178 1927 cum

558 1955 783 2022 ordine
828 1957 1028 2020 totius
1072 1952 1340 2019 Naturae
1386 1955 1706 2020 convenit.

1484 2603 1680 2670 Finis
1727 2603 1986 2684 Quartae
2028 2602 2265 2669 Partis,
