3609 5642
1754 473 1774 499 .

499 514 582 586 36
1539 538 1789 585 1111110118
1835 538 1991 586 mas
2033 539 2097 584 11.

1351 700 2052 768 PROPOSITIO
2142 701 2260 766 XI.

585 816 895 894 Primum,
941 815 1106 902 quod
1147 817 1389 881 actuale
1433 815 1672 882 Mentis
1714 816 2013 882 humanoe
2053 836 2183 882 esse
2226 816 2563 899 constituit,
2608 815 2767 880 nihil
2803 814 2986 881 aliud
3010 819 3119 898 est,

498 926 686 993 quam
733 906 870 972 idea
914 906 1010 970 rei
1049 905 1322 990 alicujus
1363 905 1709 989 simularie
1750 910 1896 971 actu
1943 906 2276 972 exstentis.

1450 1039 2166 1085 nnmonsrnarro.

586 1120 883 1187 Essentia
946 1121 1226 1185 hominis
1270 1125 1420 1204 (per
1468 1119 1687 1187 Coroll.
1720 1120 1989 1204 praeced.
2037 1118 2253 1201 Prop.)
2299 1139 2337 1184 a
2379 1120 2569 1184 certis
2614 1117 2738 1184 Dei
2782 1118 3116 1183 attributo-

497 1229 642 1275 rum
711 1210 917 1275 modis
978 1211 1425 1291 constituitur,
1474 1229 1702 1294 nempe
1747 1214 1894 1290 (per
1936 1208 2210 1274 Axioma
2255 1208 2314 1272 2.
2359 1206 2570 1291 hujus)
2616 1228 2653 1272 a
2697 1209 2903 1273 modis
2947 1209 3117 1292 cogi·

498 1299 695 1376 tandi,
765 1319 1041 1384 quorum
1113 1300 1399 1363 omnium
1469 1305 1618 1379 (per
1660 1298 1908 1364 Axiom,
1956 1299 2015 1363 3.
2059 1297 2278 1383 hujus)
2323 1296 2467 1363 idea
2512 1301 2741 1362 natura
2784 1299 2958 1382 prior
3003 1302 3116 1379 est,

499 1393 561 1453 et
629 1389 705 1453 ea
771 1389 917 1453 data
979 1388 1212 1473 reliqui
1281 1388 1455 1453 modi
1521 1388 1787 1473 (quibus
1856 1388 2098 1453 scilicet
2164 1387 2307 1452 idea
2374 1389 2605 1452 natura
2649 1387 2821 1470 prior
2865 1391 3004 1468 est,)
3046 1387 3114 1450 in

498 1476 721 1542 eodem
791 1477 1025 1543 debent
1093 1496 1235 1543 esse
1300 1477 1636 1542 individuo
1703 1480 1853 1561 (per
1900 1477 2059 1542 idem
2104 1477 2376 1542 Axioma
2404 1473 2481 1556 1);
2530 1482 2726 1559 atque
2772 1475 2930 1540 adeo
2975 1475 3118 1539 idea

497 1567 779 1651 primum
848 1571 962 1650 est,
1030 1567 1204 1651 quod
1272 1568 1570 1632 humanae
1638 1565 1874 1631 Mentis
1943 1585 2085 1632 esse
2130 1566 2478 1630 constituit.
2525 1565 2614 1632 At
2660 1584 2788 1630 non
2836 1565 2979 1628 idea
3022 1565 3119 1628 rei

498 1674 629 1720 non
698 1657 1052 1721 existentis.
1118 1655 1283 1720 Nam
1347 1662 1484 1721 tum
1550 1660 1698 1737 (per
1744 1653 1966 1720 Coroll.
2013 1654 2201 1736 Prop.
2250 1655 2309 1718 8.
2356 1653 2567 1738 hujus)
2613 1656 2756 1739 ipsa
2799 1654 2942 1718 idea
2984 1672 3114 1717 non

497 1749 713 1829 posset
758 1743 884 1809 dici
928 1746 1235 1826 existere;
1285 1747 1404 1810 erit
1448 1764 1600 1830 ergo
1642 1745 1788 1810 idea
1833 1747 1926 1809 rei
1974 1750 2120 1810 actu
2166 1745 2522 1809 existentis.
2561 1745 2649 1809 At
2686 1763 2816 1807 non
2854 1744 2948 1808 rei
2973 1741 3116 1805 infi-

497 1835 669 1898 nitae.
714 1832 842 1898 Res
887 1853 1167 1918 namque
1211 1834 1462 1899 infinita
1508 1838 1655 1916 (per
1697 1832 1889 1918 Prop.
1937 1834 2039 1897 21.
2086 1838 2144 1897 et
2188 1832 2293 1896 22.
2314 1829 2365 1914 2)
2411 1851 2473 1912 p.
2514 1832 2597 1917 1.)
2641 1833 2827 1898 debet
2866 1850 3117 1916 semper

496 1922 856 1989 necessario
925 1924 1234 2003 existere;
1305 1925 1485 2008 atqui
1554 1924 1674 1988 hoc
1735 1928 1885 2007 (per
1927 1922 2171 1987 Axiam.
2220 1922 2279 1986 1.
2326 1920 2541 2006 hujus)
2586 1927 2683 1987 est
2728 1920 3115 1999 absurdum3

497 2030 647 2096 ergo
714 2014 1015 2097 primum,
1083 2013 1255 2097 quod
1317 2031 1458 2078 esse
1517 2012 1820 2077 humanae
1867 2011 2103 2076 Mentis
2148 2011 2397 2076 actuale
2442 2013 2790 2094 constituit,
2835 2016 2931 2076 est
2975 2009 3116 2074 idea

496 2103 590 2166 rei
634 2102 979 2187 singularis
1022 2108 1169 2168 actu
1216 2103 1567 2167 existentis.
1617 2099 1685 2181 Q.
1730 2100 1809 2166 E.
1854 2100 1937 2165 D.

1476 2233 2136 2280 COROLLARIUM.

587 2312 758 2378 Hinc
825 2317 1138 2399 sequitur,
1203 2314 1481 2381 Mentem
1552 2316 1899 2381 humanam
1968 2320 2212 2400 partem
2275 2332 2417 2379 esse
2474 2314 2710 2378 infiniti
2756 2312 3117 2378 intellectus

498 2400 651 2483 Dei3
714 2423 789 2468 ac
833 2405 1100 2488 proinde
1145 2423 1292 2479 cum
1342 2405 1634 2489 dicimus,
1679 2404 1958 2470 Mentem
2005 2405 2348 2469 humanam
2395 2405 2518 2468 hoc
2563 2404 2665 2468 vel
2711 2402 2871 2467 illud
2916 2404 3116 2487 perci·

497 2510 664 2576 pere,
732 2493 893 2556 nihil
962 2493 1140 2557 aliud
1203 2494 1497 2576 dicimus,
1560 2514 1751 2579 quam
1818 2493 1990 2578 quod
2035 2491 2235 2576 Deus,
2277 2512 2409 2558 non
2457 2497 2776 2576 quatenus
2820 2490 3116 2557 infinitus

498 2586 613 2664 est,
678 2581 792 2647 sed
859 2587 1178 2665 quatenus
1225 2602 1341 2667 per
1384 2589 1682 2648 naturam
1727 2584 2030 2648 humanae
2075 2582 2312 2648 Mentis
2357 2582 2734 2666 explicatur,
2780 2583 2918 2646 sive
2960 2600 3116 2665 qua-

498 2675 689 2735 tenus
733 2672 1034 2736 humanae
1079 2671 1316 2738 Mentis
1362 2674 1702 2737 essentiam
1741 2673 2092 2755 constituit,
2130 2672 2296 2737 hanc
2334 2671 2435 2736 vel
2457 2671 2633 2735 illam
2660 2670 2850 2735 habet
2868 2669 3112 2752 ideam3

498 2763 560 2824 et
603 2778 750 2825 cum
800 2759 1074 2826 dicimus
1119 2759 1330 2827 Deum
1377 2762 1543 2827 hanc
1591 2762 1693 2827 vel
1738 2762 1914 2826 illam
1959 2761 2167 2826 ideam
2215 2760 2465 2844 habere,
2510 2779 2642 2824 non
2682 2765 2932 2825 tantum
2958 2779 3114 2843 qua-

496 2852 688 2914 tenus
754 2853 1049 2915 naturam
1119 2851 1420 2915 humanae
1489 2850 1725 2916 Mentis
1786 2851 2136 2932 constituit,
2183 2850 2293 2915 sed
2358 2855 2678 2934 quatenus
2725 2849 2920 2913 simul
2965 2868 3112 2913 cum

495 2935 711 3004 Mente
777 2938 1058 3004 humana
1118 2940 1380 3005 alterius
1440 2942 1534 3005 rei
1580 2941 1769 3005 etiam
1817 2939 2006 3004 habet
2049 2940 2279 3021 ideam,
2322 2943 2460 3003 tum
2510 2939 2784 3004 dicimus
2830 2938 3110 3003 Mentem

495 3027 842 3092 humanam
886 3046 1023 3093 rem
1070 3046 1154 3093 ex
1196 3035 1392 3114 parte,
1439 3031 1576 3095 sive
1619 3029 2029 3113 inadaequate
2072 3031 2415 3114 percipere.

1576 3162 2048 3208 SOHOLIUE

580 3240 706 3306 Hic
768 3244 908 3308 sine
967 3242 1162 3308 dubio
1209 3242 1505 3310 Lectores
1549 3243 1905 3326 haerebunt,
1952 3244 2284 3327 multaque
2328 3241 2914 3322 comminiscentur,
2962 3259 3112 3325 quae

493 3349 734 3395 moram
802 3333 1110 3415 injiciant,
1170 3340 1234 3397 et
1284 3334 1404 3398 hac
1463 3333 1542 3399 de
1586 3353 1781 3398 causa
1824 3335 1998 3418 ipsos
2044 3351 2219 3416 roge,
2266 3336 2337 3396 ut
2383 3331 2557 3396 lento
2602 3331 2806 3415 gradu
2855 3349 3107 3395 mecum

489 3425 773 3505 pergant,
819 3440 937 3486 nec
981 3421 1059 3487 de
1104 3422 1203 3486 his
1241 3423 1559 3505 judicium
1607 3422 1832 3505 ferant,
1878 3422 2080 3487 donec
2126 3422 2341 3486 omnia
2387 3420 2788 3505 perlegerint.

1333 3556 2035 3625 PROPOSITIO
2124 3557 2275 3622 XII.

584 3668 894 3757 Quicquid
938 3672 1007 3736 in
1054 3671 1279 3757 objecto
1322 3672 1478 3737 ideoe
1519 3670 1858 3737 humanam
1908 3672 2182 3737 Mentem
2226 3670 2656 3736 constituentis
2692 3669 3006 3751 continqit,
3044 3667 3116 3732 id

489 3758 567 3823 ab
628 3757 906 3824 humana
967 3759 1186 3826 Mente
1245 3760 1412 3826 debet
1454 3763 1710 3847 percipi,
1753 3762 1882 3826 sive
1918 3763 2057 3846 ejus
2100 3761 2196 3825 rei
2239 3759 2499 3825 dabitur
2541 3760 2609 3823 in
2650 3758 2869 3824 Mente
2910 3776 3113 3822 neces-

489 3848 660 3913 sario
728 3848 873 3913 idea
887 3868 909 3911 .·
978 3848 1116 3914 Hoc
1173 3854 1279 3933 est,
1323 3851 1383 3914 si
1423 3850 1719 3935 objectum
1767 3850 1925 3916 ideoe
1967 3849 2309 3914 humanam
2354 3849 2636 3914 Mentem
2680 3847 3114 3913 constituentis

489 3939 570 4002 sit
634 3957 875 4021 corpus,
941 3938 1103 4003 nihil
1164 3939 1236 4002 in
1294 3959 1362 4004 eo
1420 3958 1675 4024 corpore
1728 3940 1957 4025 poterit
2016 3940 2381 4023 continyere,
2428 3938 2594 4026 quod
2634 3959 2678 4002 a
2723 3936 2937 4002 Mente
2981 3955 3114 4001 non

486 4026 888 4111 percipiatur.

1442 4135 2158 4182 nunonsrnarro

580 4213 905 4300 Quicquid
948 4218 1120 4281 enim
1164 4218 1233 4281 in
1281 4216 1524 4300 objecto
1570 4219 2020 4303 cujuscunque
2057 4218 2218 4284 ideae
2258 4219 2588 4302 contingit,
2625 4218 2765 4300 ejus
2805 4217 2898 4281 rei
2923 4215 3112 4281 datur

488 4308 850 4370 necessario
897 4308 963 4369 in
1012 4303 1148 4371 Deo
1194 4308 1473 4391 cognitio
1520 4310 1666 4392 (per
1712 4305 1934 4373 Coreli.
1987 4306 2181 4392 Prop.
2232 4308 2289 4372 9.
2330 4306 2563 4392 hujus),
2601 4311 2918 4390 quatenus
2942 4308 3111 4390 ejus-

490 4394 634 4458 dem
697 4394 927 4477 objecti
988 4394 1130 4460 idea
1175 4396 1440 4461 affectus
1484 4396 1941 4478 consideratur,
1986 4397 2108 4462 hoc
2154 4402 2252 4462 est
2296 4402 2446 4481 (per
2488 4395 2679 4480 Prop.
2727 4395 2829 4458 11.
2874 4393 3114 4479 hujus),

492 4489 810 4567 quatenus
879 4490 1158 4549 mentem
1230 4486 1418 4569 alicuj
1427 4505 1503 4551 us
1569 4488 1663 4551 rei
1725 4487 2075 4551 constituit.
2137 4483 2460 4570 Quicquid
2505 4487 2704 4569 igitur
2747 4487 2817 4548 in
2864 4484 3110 4568 objecto

488 4571 650 4637 1ᾱοεο
717 4573 1064 4637 humanam
1126 4572 1407 4640 Mentem
1453 4577 1905 4641 constituentis
1950 4577 2285 4660 contingit,
2330 4577 2469 4659 ejus
2516 4576 2706 4640 datur
2752 4575 3113 4640 necessario
3206 4606 3210 4611 ·

555 4843 612 4910 1)
647 4844 739 4895 Ed.
773 4845 890 4895 Pr:
921 4859 1027 4912 per
1058 4843 1278 4897 Axiom.
1312 4845 1364 4896 4.
1396 4843 1576 4913 hujus.

554 4910 611 4977 2)
645 4910 740 4963 Ed.
774 4911 860 4963 Pr.
893 4912 961 4964 21
994 4917 1047 4964 et
1078 4912 1162 4964 23.
