3609 5642
456 511 586 576 164
1487 528 1734 575 mons
1778 528 1934 574 rxns
1978 529 2037 573 v,

1529 714 1998 760 sononlum

545 806 686 885 Quo
752 809 892 873 haec
958 809 1254 893 cognitio,
1323 808 1494 892 quod
1563 808 1806 873 scilicet
1865 827 1968 874 res
2032 811 2409 874 necessariae
2455 810 2603 890 sint,
2648 809 2851 892 magis
2899 809 3070 872 circa

456 916 558 963 res
616 898 991 982 singulares,
1037 917 1198 981 quas
1245 896 1611 962 distinctius
1656 902 1719 962 et
1762 899 1968 982 magis
2014 897 2227 963 vivide
2270 899 2722 982 imaginamur,
2762 890 3076 978 versatur,

455 1005 531 1051 eo
593 987 731 1051 haec
777 985 1012 1052 Mentis
1055 988 1123 1050 in
1174 984 1437 1051 affectus
1483 987 1764 1070 potentia
1811 989 2012 1071 major
2056 991 2185 1067 est3
2236 987 2408 1071 quod
2453 988 2593 1071 ipsa
2640 990 2828 1051 etiam
2880 1004 3071 1070 expe-

453 1077 680 1140 rientia
747 1080 1034 1141 testatur.
1103 1074 1417 1140 Videmus
1486 1076 1657 1140 enim
1716 1074 2060 1141 Tristitiam
2111 1075 2261 1140 boni
2306 1075 2600 1158 alicujus,
2647 1075 2822 1159 quod
2868 1076 3073 1159 periit,

453 1166 750 1249 mitigari,
816 1164 1085 1230 simulac
1153 1164 1358 1245 hom0,
1420 1165 1532 1247 qui
1575 1165 1643 1228 id
1688 1164 1981 1248 perdidit,
2026 1163 2402 1246 considerat,
2448 1164 2688 1229 bonum
2733 1165 2895 1229 illud
2942 1183 3074 1228 ser-

452 1255 590 1317 vari
657 1253 836 1318 nulla
893 1254 1139 1318 ratione
1183 1256 1483 1338 potuisse.
1531 1252 1638 1318 Sic
1683 1255 1875 1318 etiam
1921 1253 2235 1336 videmus,
2279 1253 2455 1338 quod
2501 1273 2688 1319 nemo
2736 1255 3075 1319 miseretur

453 1341 738 1426 infantis,
803 1347 1134 1427 propterea
1204 1342 1375 1427 quod
1442 1344 1647 1407 nescit
1711 1342 1910 1427 loqui,
1972 1341 2320 1425 ambulare,
2365 1344 2747 1426 ratiocinari,
2793 1347 2857 1409 et
2901 1342 3076 1425 quod

455 1431 735 1515 denique
802 1435 894 1496 tot
962 1449 1165 1495 annos
1234 1431 1420 1514 quasi
1482 1432 1586 1495 sui
1644 1432 1891 1496 inscius
1940 1432 2130 1496 vivat.
2176 1431 2266 1495 At
2313 1434 2371 1496 si
2413 1432 2705 1516 plerique
2747 1431 2967 1512 adulti,
3011 1435 3075 1495 et

455 1540 628 1585 unus
674 1525 787 1585 aut
831 1522 989 1586 alter
1031 1519 1242 1585 infans
1288 1524 1717 1601 nascerentur,
1753 1525 1895 1585 tum
1934 1539 2468 1605 unumquemque
2505 1522 2833 1587 misereret
2866 1519 3074 1584 infan-

454 1615 628 1690 tum3
699 1610 850 1693 quia
918 1614 1058 1675 tum
1126 1610 1332 1694 ipsam
1399 1608 1732 1674 infantiam
1793 1628 1926 1673 non
1972 1614 2046 1675 ut
2090 1628 2228 1675 rem
2273 1610 2631 1676 naturalem
2677 1615 2742 1676 et
2785 1628 3073 1675 necessa-

453 1701 633 1781 riam,
699 1698 811 1764 sed
879 1703 952 1763 ut
1010 1697 1274 1762 Naturae
1337 1700 1565 1763 vitium
1613 1718 1729 1764 seu
1777 1705 2106 1783 peccatum
2151 1700 2617 1781 consideraret3
2665 1705 2728 1766 et
2772 1700 2853 1764 ad
2898 1700 3072 1763 hunc

452 1787 717 1852 modum
762 1788 949 1872 plura
994 1787 1120 1852 alia
1162 1793 1386 1852 notare
1428 1806 1784 1871 possemus.

1294 1936 1992 2004 PROPOSITIO
2084 1938 2226 2004 VII.

540 2060 856 2146 Affectus,
922 2062 1033 2148 qui
1097 2082 1174 2126 ex
1239 2060 1508 2128 Ratione
1566 2064 1863 2128 oriuntur
1921 2062 2015 2129 vel
2057 2063 2430 2146 excitantur,
2473 2066 2531 2127 si
2573 2064 2739 2129 ratio
2782 2062 3074 2147 temporis

452 2150 773 2234 habeatur,
836 2152 1209 2234 potentiores
1274 2157 1429 2217 sunt
1495 2151 1588 2236 iis,
1646 2154 1761 2237 qui
1802 2152 1891 2217 ad
1930 2173 2034 2218 res
2076 2152 2433 2236 simulares
2474 2152 2867 2236 referuntur,
2911 2171 3074 2233 quas

450 2246 524 2305 ut
568 2239 847 2306 absentes
890 2240 1396 2326 contemplamur.

1410 2386 2127 2433 DRHONSTRATIQ

538 2477 697 2545 Rem
783 2480 1063 2564 aliquam
1150 2484 1224 2545 ut
1306 2479 1634 2545 absentem
1704 2500 1837 2544 non
1904 2481 2410 2566 contemplamur
2476 2500 2560 2546 ex
2626 2480 2875 2561 affectu,
2942 2497 3071 2563 quo

452 2570 718 2635 eandem
763 2570 1209 2654 imaginamur,
1252 2570 1363 2635 sed
1409 2588 1494 2634 ex
1537 2588 1633 2650 eo,
1679 2570 1853 2653 quod
1898 2569 2145 2655 Corpus
2192 2570 2315 2635 alio
2352 2570 2630 2634 afficitur
2668 2569 2917 2650 affectu,
2956 2570 3069 2650 qui

453 2659 737 2741 ejusdem
784 2661 880 2724 rei
923 2659 1330 2724 existentiam
1377 2658 1655 2723 secludit
1703 2658 1838 2742 (per
1881 2659 2077 2745 Prop.
2125 2658 2230 2724 17.
2272 2680 2334 2745 p.
2380 2661 2483 2738 2.).
2532 2658 2744 2737 Quare
2787 2658 3071 2738 affectus,

454 2749 567 2832 qui
633 2748 713 2812 ad
782 2766 936 2830 rem,
996 2766 1191 2832 quam
1238 2753 1311 2812 ut
1356 2746 1683 2814 absentem
1728 2750 2256 2834 contemplamur,
2299 2748 2588 2831 refertur,
2633 2750 2774 2832 ejus
2820 2751 3069 2810 naturae

453 2855 583 2900 non
636 2841 750 2918 est,
796 2844 869 2902 ut
913 2837 1196 2921 reliquas
1241 2836 1520 2901 hominis
1565 2839 1847 2903 actiones
1895 2843 1959 2903 et
2003 2840 2352 2923 potentiam
2399 2843 2655 2922 superet
2700 2836 2801 2915 (de
2843 2834 3071 2921 quibus

451 2925 589 2989 vide
633 2923 829 3009 Prop.
876 2925 934 2988 6.
977 2945 1038 3010 p.
1086 2925 1187 3007 4.),
1232 2924 1345 2990 sed
1391 2930 1612 2990 contra
1658 2928 1798 3009 ejus
1845 2932 2090 2991 naturae
2134 2931 2249 3011 est,
2286 2932 2359 2991 ut
2396 2927 2476 2991 ab
2500 2929 2581 2992 iis
2605 2925 3066 3004 affectionibus,

454 3033 603 3099 quae
664 3015 1070 3079 existentiam
1115 3019 1400 3079 externoe
1443 3016 1583 3097 ejus
1630 3034 1846 3080 causae
1892 3016 2249 3097 secludunt,
2296 3018 2571 3081 coerceri
2616 3016 2832 3099 aliquo
2880 3013 3067 3078 modo

451 3103 652 3188 possit
697 3105 832 3187 (per
875 3101 1068 3188 Prop.
1120 3105 1176 3168 9.
1216 3124 1282 3184 p.
1328 3103 1427 3182 4.).
1473 3105 1563 3168 Αι
1605 3104 1887 3186 affectus,
1935 3107 2050 3189 qui
2094 3123 2179 3170 ex
2218 3103 2490 3170 Ratione
2534 3106 2753 3186 oritur,
2797 3102 3068 3168 refertur

454 3194 813 3258 necessario
881 3193 962 3256 ad
1029 3211 1402 3258 communes
1460 3212 1676 3259 rerum
1737 3195 2153 3278 proprietates
2211 3195 2375 3274 (vide
2418 3193 2714 3259 Rationis
2757 3191 2946 3274 defin.
3000 3192 3067 3255 in

453 3282 512 3346 2.
560 3279 755 3346 Schol.
803 3280 995 3366 Prop.
1045 3282 1148 3345 40.
1182 3301 1252 3366 p.
1299 3282 1400 3365 2.),
1469 3302 1631 3367 quas
1698 3301 1949 3367 semper
2019 3288 2092 3347 ut
2158 3290 2506 3368 praesentes
2565 3282 3069 3366 contemplamur

452 3375 626 3449 (nam
695 3372 854 3436 nihil
920 3372 1055 3435 dari
1099 3376 1324 3456 potest,
1373 3370 1546 3455 quod
1594 3390 1812 3436 earum
1860 3375 2238 3456 praesentem
2287 3374 2694 3439 existentiam
2741 3371 3071 3452 secludat),

453 3464 514 3524 et
562 3480 722 3544 quas
768 3479 1017 3545 semper
1061 3461 1282 3525 eodem
1328 3461 1517 3524 modo
1563 3461 1992 3545 imaginamur
2037 3466 2174 3545 (per
2218 3460 2412 3542 Prop.
2461 3460 2565 3524 38.
2605 3480 2666 3541 p.
2712 3460 2818 3542 2.).
2859 3458 3067 3535 Quare

454 3549 600 3614 talis
667 3549 930 3615 affectus
975 3549 1144 3613 idem
1191 3568 1442 3632 semper
1486 3554 1734 3629 manet;
1783 3555 1847 3614 et
1891 3556 2358 3635 consequenter
2401 3556 2538 3634 (per
2582 3548 2707 3615 Ax.
2753 3548 2812 3612 1.
2857 3548 3068 3632 hujus)

454 3638 737 3718 affectus,
803 3639 915 3722 qui
983 3637 1186 3703 eidem
1234 3644 1389 3702 sunt
1433 3639 1751 3715 contrarii,
1795 3640 2038 3722 quique
2084 3659 2122 3703 a
2167 3642 2305 3705 suis
2351 3640 2563 3705 causis
2609 3639 2893 3705 externis
2938 3656 3069 3701 non

452 3725 769 3810 foventur,
815 3727 1020 3793 eidem
1069 3728 1272 3811 magis
1312 3728 1644 3811 magisque
1679 3745 1822 3792 sese
1845 3728 2324 3793 accommodare
2348 3728 2688 3811 debebunt,
2711 3729 2912 3792 donec
2934 3746 3066 3790 non

454 3816 729 3900 amplius
794 3817 924 3881 sint
969 3817 1304 3896 contrarii3
1352 3820 1414 3881 et
1458 3822 1723 3882 eatenus
1768 3816 2054 3899 affectuS‚
2101 3818 2216 3901 qui
2261 3836 2345 3883 ex
2389 3817 2660 3882 Ratione
2702 3820 2925 3897 oritur,
2973 3820 3068 3880 est

453 3906 784 3988 potentior.
837 3901 905 3983 Q.
951 3902 1027 3969 Ε.
1072 3903 1155 3968 D.

1277 4026 1972 4095 PROPOSITIO
2064 4030 2244 4097 VHL

543 4151 692 4257 Quo·
718 4153 999 4306 αΐΐειὲιιιε
1041 4154 1268 4239 aliquis
1312 4174 1356 4219 a
1390 4153 1685 4240 pluribus
1727 4156 1939 4220 causis
1974 4157 2164 4221 simul
2198 4155 2704 4222 concurrentibus
2741 4157 3065 4239 excitatur,

449 4261 517 4307 eo
560 4261 763 4327 mayor
807 4263 870 4308 es
899 4292 913 4307 .

1401 4351 2117 4398 DEMONSTRATIQ

539 4444 765 4510 Plures
832 4464 1042 4510 causae
1108 4446 1299 4511 simul
1369 4447 1515 4531 plus
1583 4454 1860 4533 possunt
1929 4468 2123 4533 quam
2193 4450 2248 4514 si
2293 4450 2625 4533 pauciores
2671 4453 2884 4514 essent
2930 4449 3064 4532 (per

451 4532 644 4614 Prop.
693 4533 755 4599 7.
796 4553 857 4614 p.
906 4533 1023 4617 3.):
1095 4535 1382 4619 adeoque
1449 4538 1581 4620 (per
1625 4535 1820 4618 Prop.
1869 4538 1926 4600 5.
1965 4556 2031 4617 p.
2080 4538 2183 4620 4.),
2253 4558 2379 4621 quo
2439 4538 2701 4603 affectus
2746 4539 2979 4621 aliquis
3025 4558 3062 4602 a

451 4621 747 4708 pluribus
794 4624 1005 4687 causis
1051 4623 1247 4688 simul
1294 4626 1628 4709 excitatur,
1676 4644 1750 4691 eo
1794 4625 2019 4690 fortior
2067 4631 2180 4692 est.
2233 4626 2301 4709 Q.
2347 4627 2427 4691 Ε.
2474 4625 2557 4691 D.

1532 4770 1563 4816 s
1589 4771 1623 4815 c
1643 4771 1687 4815 n
1710 4770 1747 4815 o
1770 4772 1810 4816 L
1830 4772 1855 4815 1
1876 4772 1919 4815 n
1939 4772 2003 4816 u.

537 4860 696 4926 Haec
741 4861 1097 4947 Propositio
1142 4866 1317 4946 patet
1362 4865 1551 4929 etiam
1598 4883 1682 4931 ex
1725 4865 2068 4931 Axiomate
2117 4866 2175 4928 2.
2220 4866 2416 4949 hujus
2462 4865 2686 4930 Partis.
