3609 5642
1633 489 1715 534 mr
1756 489 1976 535 mm
3034 471 3120 535 63

492 653 707 720 luntas
755 656 1120 721 universale
1166 656 1325 740 quid
1371 656 1473 737 sit,
1520 656 1696 741 quod
1741 657 1821 722 de
1867 656 2169 722 omnibus
2207 658 2368 722 ideis
2391 658 2793 743 praedicatur,
2815 657 3122 741 quodque

494 743 562 808 id
627 749 878 809 tantum
941 745 1279 829 significat,
1339 746 1513 829 quod
1574 745 1878 811 omnibus
1923 747 2084 811 ideis
2130 766 2473 812 commune
2517 752 2634 830 est,
2680 766 2907 831 nempe
2951 747 3121 811 affir-

492 834 856 916 mationem,
925 837 1113 918 cujus
1180 839 1513 919 propterea
1572 835 1912 919 adaequata
1955 838 2250 921 essentia,
2297 842 2618 920 quatenus
2666 839 2760 901 sic
2806 836 3121 900 abstracte

492 925 870 1007 concipitur,
939 923 1128 989 debet
1195 942 1337 990 esse
1402 926 1472 987 in
1517 943 1930 1009 unaquaeque
1973 925 2138 1009 idea,
2184 932 2248 990 et
2293 926 2411 990 hac
2457 929 2705 990 ratione
2751 930 3003 990 tantum
3047 927 3117 988 in

494 1011 798 1078 omnibus
858 1014 1113 1093 eadem3
1175 1013 1288 1078 sed
1334 1031 1463 1076 non
1514 1019 1833 1096 quatenus
1885 1015 2327 1080 consideratur
2372 1017 2714 1080 essentiam
2760 1014 2921 1079 ideae
2968 1032 3119 1077 con-

492 1101 793 1182 stituere3
841 1121 990 1167 nam
1039 1107 1302 1168 eatenus
1351 1103 1712 1186 singulares
1758 1102 2216 1170 affirmationes
2260 1123 2446 1188 aeque
2481 1107 2652 1170 inter
2689 1122 2759 1169 se
2799 1104 3121 1186 differunt,

492 1208 568 1253 ac
614 1191 770 1275 ipsae
812 1191 988 1256 ideae.
1033 1191 1155 1257 Ex.
1199 1212 1294 1277 gr.
1333 1191 1688 1274 affirmatiO,
1726 1212 1923 1276 quam
1970 1193 2114 1257 idea
2156 1195 2398 1277 circuli,
2441 1193 2521 1258 ab
2566 1194 2693 1277 illa,
2739 1212 2936 1277 quam
2975 1192 3119 1257 idea

492 1279 801 1364 trianguli
846 1281 1139 1364 involvit,
1186 1299 1371 1364 seque
1417 1280 1642 1363 differt,
1690 1300 1763 1345 ac
1806 1282 1953 1346 idea
1989 1282 2215 1347 circuli
2252 1282 2332 1346 ab
2355 1283 2498 1347 idea
2520 1282 2845 1366 trianguli.
2869 1280 3120 1347 Deinde

494 1366 788 1434 absolute
835 1389 1020 1455 nege,
1066 1389 1186 1434 nos
1234 1371 1471 1454 aequali
1518 1370 1841 1455 cogitandi
1886 1372 2171 1456 potentia
2214 1372 2502 1457 indigere
2542 1372 2623 1436 ad
2647 1370 3118 1454 affirmandum,

491 1475 718 1523 verum
787 1476 928 1523 esse
993 1459 1079 1541 id,
1140 1460 1314 1544 quod
1380 1478 1601 1523 verum
1650 1465 1765 1540 est,
1814 1480 2005 1543 quam
2056 1461 2138 1525 ad
2185 1459 2656 1544 affirmandum,
2701 1478 2929 1525 verum
2975 1478 3117 1525 esse

491 1545 577 1628 id,
647 1548 821 1631 quod
887 1548 1120 1612 falsum
1181 1553 1295 1613 est.
1355 1546 1518 1613 Nam
1564 1549 1664 1612 hae
1711 1549 1859 1612 duae
1904 1548 2377 1634 affirmationes,
2422 1551 2478 1614 si
2525 1553 2802 1615 mentem
2850 1553 3116 1634 spectes,

493 1653 563 1699 se
629 1635 867 1701 habent
911 1638 993 1702 ad
1037 1638 1335 1719 invicem,
1379 1643 1452 1702 ut
1497 1656 1612 1703 ens
1658 1638 1739 1702 ad
1785 1657 2095 1717 non-ens3
2145 1639 2305 1702 nihil
2352 1640 2521 1704 enim
2570 1641 2638 1702 in
2685 1638 2848 1702 ideis
2895 1640 3115 1723 positi-

491 1743 648 1788 vum
709 1730 823 1807 est,
884 1725 1057 1811 quod
1103 1726 1397 1791 falsitatis
1440 1727 1710 1791 formam
1759 1729 2094 1792 constituit
2138 1726 2300 1807 (vide
2346 1726 2536 1809 Prop.
2586 1728 2689 1791 35.
2734 1726 2931 1812 huJ'us
2973 1746 3115 1791 cum

492 1813 632 1897 qius
676 1812 872 1880 Schol.
916 1819 976 1881 et
1020 1814 1215 1881 Schol.
1262 1815 1455 1900 Prop.
1501 1816 1604 1881 47.
1651 1815 1887 1899 hujus).
1936 1815 2148 1893 Quare
2191 1817 2297 1881 hic
2343 1819 2627 1902 apprime
2674 1819 2854 1881 venit
2889 1821 3116 1881 notan-

494 1903 669 1985 dum,
715 1924 907 1988 quam
961 1905 1149 1970 facile
1196 1904 1569 1989 decipimur,
1618 1906 1876 1989 quando
1922 1906 2313 1971 universalia
2356 1925 2503 1970 cum
2552 1904 3010 1990 singularibus,
3053 1910 3118 1969 et

493 1995 665 2057 entia
731 1995 999 2060 rationis
1066 1998 1129 2059 et
1198 1992 1517 2060 abstracta
1562 2013 1710 2059 cum
1758 1994 2038 2060 realibus
2083 1995 2557 2061 confundimus.
2605 1994 2791 2072 Quod
2837 1995 3117 2079 denique

492 2081 571 2145 ad
638 2090 936 2167 quartam
1003 2082 1423 2166 objectionem
1493 2086 1736 2166 attinet,
1805 2085 1967 2167 dico,
2038 2104 2141 2149 me
2207 2086 2470 2148 omnino
2532 2084 2897 2167 concedere,
2941 2084 3115 2168 quod

492 2171 680 2236 homo
735 2173 804 2236 in
865 2174 977 2238 tali
1025 2171 1382 2256 aequilibrio
1429 2174 1677 2258 positus
1721 2175 1974 2260 (nempe
2019 2176 2134 2259 qui
2179 2173 2340 2237 nihil
2384 2174 2561 2238 aliud
2606 2174 2873 2259 percipit
2919 2192 3111 2256 quam

494 2261 679 2324 sitem
726 2267 789 2326 et
832 2262 1085 2344 famem,
1130 2262 1323 2326 talem
1369 2262 1585 2327 cibum
1632 2267 1695 2328 et
1741 2263 1932 2328 talem
1979 2267 2220 2347 potum,
2267 2264 2383 2346 qui
2428 2282 2613 2347 aeque
2649 2261 2729 2327 ab
2754 2281 2828 2327 eo
2853 2262 3113 2340 distant)

490 2348 656 2414 fame
727 2356 790 2415 et
859 2354 966 2417 siti
1034 2351 1282 2435 peribit.
1343 2350 1413 2416 Si
1458 2370 1560 2416 me
1604 2357 1852 2436 rogant,
1898 2371 1980 2418 an
2027 2353 2172 2416 talis
2218 2353 2407 2416 homo
2455 2371 2583 2416 non
2632 2353 2845 2436 potius
2891 2353 3112 2416 asinus

495 2458 688 2521 quam
734 2441 925 2505 homo
974 2441 1058 2505 sit
1105 2440 1570 2507 aestimandus?
1618 2441 1759 2505 dico
1805 2460 1910 2506 me
1954 2442 2217 2523 nescire,
2264 2447 2338 2505 ut
2382 2442 2573 2505 etiam
2611 2442 2848 2521 nescio,
2887 2441 3114 2524 quanti

493 2529 910 2594 aestimandus
978 2531 1063 2594 sit
1129 2530 1256 2611 ille,
1317 2531 1431 2613 qui
1489 2549 1558 2596 se
1619 2530 1930 2614 pensilem
1978 2530 2148 2612 facit,
2193 2535 2256 2595 et
2303 2532 2529 2614 quanti
2573 2529 2937 2595 aestimandi
2983 2531 3112 2594 sint

488 2618 688 2701 pueri,
735 2620 936 2700 stulti,
981 2621 1221 2701 vesani,
1269 2623 1385 2683 etc.

578 2705 883 2792 Superest
926 2708 1184 2772 tandem
1229 2707 1529 2791 indicare,
1575 2712 1888 2791 quantum
1918 2707 2115 2790 hujus
2155 2708 2467 2772 doctrinae
2506 2709 2785 2791 cognitio
2810 2708 2889 2771 ad
2914 2726 3109 2771 usum

488 2798 663 2860 vitae-
689 2798 990 2881 conferat,
1037 2797 1209 2881 quod
1255 2796 1441 2862 facile
1483 2816 1567 2862 ex
1613 2797 1714 2862 his
1761 2798 2367 2862 animadvertemus.
2403 2796 2648 2881 Nempe
2686 2794 2765 2861 1⁰.
2790 2802 3109 2880 quatenus

488 2885 670 2951 docet
728 2906 846 2952 nos
907 2905 990 2951 ex
1037 2887 1172 2951 solo
1218 2884 1340 2950 Dei
1386 2891 1551 2950 nutu
1600 2904 1805 2971 agere,
1853 2886 2224 2971 divinaeque
2270 2891 2515 2951 naturae
2561 2904 2701 2951 esse
2748 2887 3107 2970 participes,

487 2979 551 3038 et
593 2993 668 3040 eo
718 2976 941 3060 magis,
988 2995 1117 3059 quo
1163 2975 1568 3061 perfectiores
1613 2977 1896 3040 actiones
1942 2977 2213 3060 agimuS,
2259 2980 2322 3040 et
2360 2994 2490 3059 quo
2529 2977 2731 3059 magis
2772 2976 3107 3059 magisque

485 3062 695 3128 Deum
763 3065 1202 3149 intelligimus.
1270 3063 1429 3129 Haec
1495 3084 1646 3148 ergo
1714 3064 2020 3147 doctrina,
2089 3068 2509 3149 praeterquam
2581 3064 2756 3148 quod
2817 3065 3102 3128 animum

488 3153 851 3219 omnimode
921 3156 1212 3238 quietum
1273 3154 1498 3235 reddit,
1559 3155 1679 3218 hoc
1739 3155 1929 3218 etiam
1976 3152 2183 3237 habet,
2229 3153 2403 3236 quod
2451 3172 2568 3218 nos
2615 3154 2815 3235 docet,
2859 3154 2928 3216 in
2974 3172 3105 3237 quo

486 3249 704 3307 nostra
771 3263 1023 3308 summa
1088 3242 1357 3308 felicitas
1425 3245 1563 3308 sive
1632 3242 1957 3307 beatitudo
2027 3244 2339 3325 consistit,
2395 3256 2627 3325 nempe
2684 3243 2751 3305 in
2802 3241 2939 3307 sola
2983 3240 3105 3306 Dei

485 3334 865 3416 cognitione,
934 3351 1017 3397 ex
1087 3352 1216 3415 qua
1284 3332 1364 3396 ad
1432 3351 1506 3397 ea
1566 3337 1816 3397 tantum
1878 3332 2125 3415 agenda
2185 3332 2576 3413 inducimur,
2628 3350 2772 3415 quae
2816 3349 2996 3395 amor
3040 3336 3105 3396 et

483 3422 685 3504 pietas
750 3421 1038 3486 suadent.
1106 3421 1295 3486 Unde
1351 3421 1519 3486 clare
1576 3421 2016 3505 intelligimuS,
2064 3425 2379 3505 quantum
2423 3421 2519 3483 illi
2562 3440 2600 3484 a
2645 3439 2797 3484 vera
2840 3421 3104 3484 virtutis

486 3511 906 3575 aestimatione
966 3509 1281 3594 aberrant,
1343 3511 1457 3594 qui
1514 3529 1627 3594 pro
1673 3512 1911 3575 virtute
1957 3515 2020 3574 et
2065 3511 2322 3594 optimis
2369 3508 2750 3592 actionibuS,
2795 3514 3102 3592 tanquam

484 3618 599 3682 pro
646 3619 900 3665 summa
946 3602 1273 3683 servitute,
1318 3600 1590 3663 summis
1634 3600 1911 3684 praemiis
1958 3618 1996 3662 a
2033 3597 2171 3664 Deo
2195 3598 2479 3664 decorari
2502 3601 2892 3682 exspectant,
2916 3599 3102 3682 quasi

482 3689 621 3771 ipsa
666 3690 874 3753 virtus
918 3686 1170 3773 Deique
1213 3690 1494 3755 servitus
1540 3708 1670 3752 non
1716 3692 1884 3755 esset
1927 3688 2066 3771 ipsa
2108 3687 2374 3753 felicitas
2420 3693 2484 3753 et
2527 3707 2780 3752 summa
2823 3686 3101 3753 libertas.

482 3774 594 3840 11⁰.
666 3783 988 3862 quatenus
1050 3778 1251 3860 docet,
1312 3778 1632 3861 quomodo
1692 3779 1860 3842 circa
1904 3796 2007 3842 res
2051 3777 2347 3859 fortunae,
2391 3778 2528 3842 sive
2574 3796 2721 3861 quae
2765 3777 2834 3839 in
2881 3781 3101 3840 nostra

484 3869 796 3949 potestate
863 3886 995 3931 non
1064 3871 1237 3948 sunt,
1302 3866 1424 3931 hoc
1493 3871 1609 3948 est,
1674 3868 1845 3931 circa
1910 3884 2033 3950 res,
2092 3887 2238 3950 quae
2298 3885 2382 3931 ex
2427 3870 2645 3930 nostra
2691 3870 2922 3930 natura
2967 3876 3099 3929 non

481 3961 865 4039 sequuntur,
931 3976 1051 4021 nos
1115 3974 1337 4040 gerere
1405 3955 1785 4037 debeamus;
1856 3973 2088 4040 nempe
2149 3962 2491 4039 utramque
2549 3954 2827 4019 fortunae
2869 3954 3097 4018 faciem

481 4063 667 4127 aequo
736 4047 952 4110 animo
1015 4050 1350 4130 expectare
1397 4049 1460 4110 et
1503 4044 1701 4109 ferre:
1750 4046 2057 4109 nimirum
2105 4046 2259 4129 quia
2304 4045 2520 4109 omnia
2564 4043 2643 4107 ab
2688 4048 2930 4109 aeterno
2976 4041 3099 4107 Dei

479 4133 731 4198 decreto
777 4135 997 4199 eadem
1043 4135 1420 4200 necessitate
1465 4138 1847 4217 sequuntur,
1893 4153 1966 4198 ac
2010 4152 2093 4198 ex
2139 4135 2418 4199 essentia
2456 4132 2762 4217 trianguli
2786 4133 3101 4216 sequitur,

480 4223 653 4305 quod
720 4229 849 4289 tres
918 4225 1058 4306 ejus
1125 4224 1347 4309 anguli
1394 4228 1547 4288 sunt
1590 4224 1870 4307 aequales
1917 4222 2174 4288 duobus
2219 4223 2428 4287 rectis.
2474 4218 2621 4287 111⁰.
2667 4221 2910 4287 confert
2954 4222 3098 4286 haec

476 4312 764 4376 doctrina
829 4313 910 4377 ad
976 4314 1174 4377 vitam
1242 4313 1561 4394 socialem,
1623 4317 1943 4396 quatenus
2006 4312 2220 4392 docet3
2285 4313 2607 4376 neminem
2653 4311 2800 4375 odio
2845 4310 3097 4393 habere,

476 4406 901 4483 contemnere,
944 4403 1228 4485 irridere,
1272 4403 1518 4468 nemini
1561 4403 1770 4485 irasci,
1814 4401 2120 4467 invidere.
2167 4400 2484 4465 Praeterea
2529 4404 2849 4483 quatenus
2895 4401 3097 4483 docet,

475 4494 548 4554 ut
599 4491 1054 4576 unusquisque
1099 4493 1238 4556 suis
1284 4492 1368 4557 sit
1412 4495 1772 4575 contentus,
1817 4495 1882 4556 et
1925 4492 2219 4576 proximo
2247 4487 2291 4571 1)
2338 4490 2602 4573 auxili0,
2648 4509 2778 4554 non
2825 4508 2908 4555 ex
2954 4509 3093 4554 mu-

538 4795 594 4861 1)
629 4796 836 4848 Smidt:
883 4796 1000 4849 und
1049 4797 1148 4850 der
1179 4796 1436 4850 ndchsten
1468 4795 1664 4863 Halfe.
1697 4823 1764 4834 —-
1796 4797 1963 4848 Recte
2000 4796 2148 4848 VerS.
2184 4797 2360 4862 Belg.:
2398 4811 2463 4850 en
2496 4811 2604 4849 aan
2637 4797 2752 4864 zijn
2785 4800 2975 4848 naaste
3005 4794 3093 4847 be-

470 4861 755 4932 hulpsaam
793 4870 842 4917 te
873 4866 1003 4932 zijn.
1038 4864 1124 4916 Sic
1158 4865 1321 4916 etiam
1355 4863 1568 4930 Saisset,
1602 4864 1900 4930 Auerbach,
1934 4864 2283 4915 Kirchmann.
