3609 5642
497 474 624 537 120
1519 488 1767 534 mmcns
1811 488 1967 533 mus
2010 489 2097 532 Ν.

492 660 898 723 existentiam
966 656 1380 739 affirmamus,
1439 660 1501 722 et
1561 660 1784 720 contra
1828 656 1921 721 rei
1965 656 2371 720 existentiam
2417 674 2747 740 negamus,
2793 659 3118 740 quatenus

494 747 757 813 eandem
806 766 934 811 non
983 748 1403 811 necessariam
1453 763 1594 810 esse
1639 746 2068 828 imaginamur
2106 747 2240 828 (per
2262 742 2454 810 Schoz.
2482 745 2539 809 1.
2565 744 2760 829 Prop.
2784 743 2888 808 33.
2909 764 2972 829 p.
2999 745 3115 825 1.);

494 856 568 901 ac
614 836 880 922 proinde
927 839 1060 921 (per
1104 834 1298 919 Prop.
1348 835 1405 898 9.
1452 832 1664 920 hujus)
1711 834 1978 899 affectus
2024 853 2175 918 erga
2209 852 2345 898 rem
2383 836 2822 917 necessariam,
2862 835 3114 898 caeteris

492 925 790 1009 paribus,
815 926 1127 990 intensior
1172 929 1287 1008 est,
1334 943 1525 1008 quam
1577 942 1728 1008 erga
1770 941 1903 987 non
1951 924 2392 989 necessariam.
2443 921 2511 1002 Q.
2556 922 2634 988 Ε.
2678 921 2762 986 D.

1334 1057 2033 1126 PROPOSITIO
2122 1058 2275 1123 XII.

580 1175 860 1255 Affectus
923 1194 1070 1257 erya
1129 1194 1278 1258 rem,
1336 1193 1523 1259 quam
1582 1173 1815 1237 seimus
1875 1172 1945 1237 in
1986 1171 2288 1253 praesenti
2327 1191 2457 1237 non
2503 1173 2776 1255 existere,
2821 1180 2879 1238 et
2925 1193 3115 1261 quam

490 1269 561 1328 ut
624 1263 971 1349 possibilem
1032 1263 1473 1347 imayinamur,
1538 1263 1781 1327 coeteris
1840 1262 2125 1345 paribus,
2185 1262 2491 1327 intensior
2548 1269 2656 1346 est,
2717 1282 2907 1350 quam
2967 1284 3115 1345 erya

493 1354 960 1436 continyenteaen.

1444 1459 2163 1505 nnuonsrnxr1o

580 1541 913 1619 Quatenus
957 1562 1094 1609 rem
1131 1548 1206 1608 ut
1240 1544 1716 1627 contingentem
1753 1542 2204 1626 imaginamur,
2225 1540 2406 1605 nulla
2428 1540 2695 1605 alterius
2718 1541 2812 1605 rei
2833 1542 3114 1625 imagine

489 1631 823 1714 afficimur,
876 1651 1026 1716 quae
1071 1632 1165 1696 rei
1210 1633 1614 1697 existentiam
1663 1635 1855 1715 ponat
1901 1633 2036 1714 (per
2078 1628 2284 1710 Defin.
2331 1630 2389 1693 3.
2436 1628 2681 1712 hujus):
2731 1629 2845 1694 sed
2892 1634 3113 1694 contra

488 1721 849 1801 (seeundum
908 1719 1298 1805 hypothesin)
1350 1720 1648 1805 quaedam
1709 1720 2157 1804 imaginamur,
2204 1737 2352 1802 quae
2398 1718 2682 1801 ejusdem
2731 1724 3110 1802 praesentem

489 1812 894 1877 existentiam
963 1810 1322 1875 secludunt.
1381 1811 1472 1874 At
1533 1814 1855 1893 quatenus
1917 1827 2049 1872 rem
2099 1809 2168 1871 in
2214 1808 2508 1872 futurum
2554 1808 2925 1891 possibilem
2971 1827 3111 1874 esse

488 1901 933 1985 imaginamur,
1001 1903 1267 1964 eatenus
1329 1898 1625 1982 quaedam
1678 1899 2128 1982 imaginamur,
2174 1916 2321 1981 quae
2368 1897 2652 1979 eJusdem
2703 1898 3112 1962 existentiam

498 1994 749 2073 ponunt
792 1992 929 2073 (per
970 1985 1182 2071 Defin.
1226 1988 1286 2051 4.
1333 1986 1569 2072 hujus),
1614 1988 1734 2052 hoc
1780 1993 1878 2052 est
1922 1992 2059 2071 (per
2105 1985 2298 2070 Prop.
2337 1986 2440 2050 18.
2482 2005 2541 2069 p.
2591 1986 2694 2069 3.),
2733 2006 2880 2071 quae
2918 1985 3109 2071 Spem

493 2079 599 2143 vel
645 2076 891 2143 Metum
935 2077 1200 2158 fovent3
1247 2081 1441 2162 atque
1486 2077 1642 2142 adeo
1687 2076 1953 2143 affectus
1999 2094 2149 2161 erga
2194 2094 2330 2140 rem
2376 2074 2744 2160 possibilem
2777 2077 3113 2141 vehemen-

494 2169 620 2232 tior
664 2172 779 2232 est.
830 2165 898 2246 Q.
942 2165 1021 2231 Ε.
1065 2165 1150 2231 D.
1708 2241 1712 2245 ,

1481 2273 2147 2320 οοΒοιιΑΒῙσΜ.

581 2357 869 2423 Affectus
915 2372 1065 2440 erga
1108 2373 1264 2437 rem,
1308 2373 1503 2439 quam
1550 2357 1794 2419 scimus
1841 2356 1910 2417 in
1959 2354 2263 2438 praesenti
2309 2372 2438 2416 non
2487 2353 2781 2435 existere,
2819 2355 2882 2416 et
2919 2372 3115 2437 quam

488 2452 561 2511 ut
628 2446 1102 2530 contingentem
1170 2445 1620 2529 imaginamur,
1687 2443 1892 2508 multo
1959 2444 2289 2507 remissior
2346 2446 2461 2525 est,
2508 2462 2700 2526 quam
2761 2442 2818 2506 si
2861 2459 2998 2507 rem
3042 2444 3111 2505 in

492 2536 794 2619 praesenti
837 2532 1026 2598 nobis
1070 2534 1295 2599 adesse
1339 2534 1855 2617 imaginaremur.

1443 2663 2166 2710 DEMONSTRATIQ

577 2747 866 2812 Affectus
912 2765 1063 2831 erga
1106 2763 1263 2829 rem,
1308 2765 1505 2830 quam
1549 2747 1617 2809 in
1665 2746 1965 2831 praesenti
2012 2747 2292 2811 existere
2330 2745 2780 2829 imaginamur,
2801 2746 3118 2810 intensior

490 2841 608 2919 est,
673 2856 867 2921 quam
928 2837 984 2900 si
1044 2835 1310 2900 eandem
1374 2839 1446 2899 ut
1489 2834 1773 2899 futuram
1820 2835 2322 2919 imaginaremur
2366 2837 2501 2918 (per
2549 2833 2767 2900 Coroll.
2816 2833 3009 2919 Prop.
3059 2837 3118 2898 9.

489 2924 726 3010 hujus),
791 2930 854 2989 et
924 2924 1128 2988 multo
1197 2924 1635 2989 vehementior
1705 2929 1822 3006 est,
1882 2925 1940 2988 si
2000 2930 2254 3007 tempus
2314 2923 2608 2988 futurum
2655 2944 2693 2988 a
2738 2925 3042 3009 praesenti
3071 2921 3116 3005 1)

491 3014 767 3079 multum
814 3014 1052 3078 distare
1096 3015 1597 3097 imaginaremur
1642 3016 1778 3097 (per
1824 3013 2019 3097 Prop.
2060 3012 2164 3077 10.
2200 3011 2431 3095 hujus).
2470 3013 2587 3078 Est
2610 3014 2829 3097 itaque
2852 3013 3118 3078 affectus

492 3120 643 3186 erga
708 3121 865 3185 rem,
927 3103 1115 3185 cujus
1172 3102 1492 3167 existendi
1552 3107 1806 3186 tempus
1853 3103 2043 3186 longe
2089 3122 2128 3166 a
2173 3104 2478 3185 praesenti
2523 3102 2760 3168 distare
2806 3104 3117 3187 imagina-

493 3211 656 3275 mur,
716 3192 919 3256 multo
973 3192 1318 3272 remissior,
1367 3211 1559 3275 quam
1607 3193 1662 3256 si
1710 3191 1977 3256 eandem
2028 3196 2099 3255 ut
2144 3196 2529 3275 praesentem
2578 3192 3111 3276 imaginaremur3

491 3285 553 3345 et
621 3282 1041 3345 nihilominus
1110 3283 1245 3365 (per
1288 3280 1483 3365 Prop.
1526 3286 1734 3364 proec.)
1793 3282 2112 3346 intensior
2157 3287 2271 3361 est,
2318 3301 2512 3364 quam
2561 3282 2616 3346 si
2664 3282 2931 3345 eandem
2982 3300 3117 3346 rem

493 3376 566 3434 ut
633 3372 1105 3454 contingentem
1149 3370 1681 3453 imaginaremur3
1731 3374 1927 3453 atque
1971 3370 2129 3435 adeo
2175 3370 2441 3434 affectus
2489 3388 2642 3454 erga
2686 3389 2821 3435 rem
2870 3373 3119 3433 contin-

491 3464 749 3544 gentem
816 3461 1020 3524 multo
1081 3461 1412 3525 remissior
1472 3460 1611 3543 erit,
1655 3479 1849 3543 quam
1911 3459 1966 3524 si
2012 3477 2145 3524 rem
2196 3462 2264 3523 in
2310 3462 2615 3542 praesenti
2660 3459 2847 3525 nobis
2894 3460 3118 3524 adesse

491 3550 1008 3633 imaginaremur.
1059 3546 1127 3627 Q.
1174 3547 1251 3613 E.
1292 3546 1375 3611 D.

1313 3683 2012 3751 PROPOSITIO
2103 3684 2288 3750 XIII.

579 3799 859 3881 Affectus
923 3818 1074 3881 erya
1138 3819 1266 3863 rem
1325 3798 1793 3883 contingentem,
1853 3818 2042 3885 quam
2089 3799 2318 3863 seimus
2364 3799 2434 3863 in
2467 3800 2775 3879 praesenti
2817 3818 2949 3864 non
2993 3799 3117 3864 exi-

496 3895 672 3972 stere,
716 3889 954 3953 eoeteris
992 3886 1278 3969 paribu3‚
1319 3889 1635 3954 remissior
1679 3893 1785 3967 est,
1831 3908 2020 3975 quam
2057 3887 2342 3972 affectus
2378 3908 2530 3971 erya
2566 3909 2694 3953 rem
2712 3890 3116 3969 praeteritam.

1453 4020 2166 4068 DEMONSTRATIQ

580 4100 913 4178 Quatenus
965 4119 1099 4165 rem
1148 4104 1220 4165 ut
1265 4102 1738 4185 contingentem
1785 4103 2236 4187 imaginamur,
2281 4101 2465 4167 nulla
2509 4101 2775 4167 alterius
2819 4103 2912 4167 rei
2959 4103 3114 4165 ima-

490 4192 641 4275 gine
709 4190 1042 4271 afficimur,
1112 4209 1260 4274 quae
1320 4192 1413 4255 rei
1476 4192 1884 4256 existentiam
1945 4195 2141 4275 ponat
2186 4195 2320 4276 (per
2365 4189 2570 4271 Defin.
2618 4189 2677 4253 3.
2724 4190 2957 4274 hujus),
3003 4191 3113 4255 sed

492 4285 712 4345 contra
755 4278 1118 4358 (seeundum
1161 4277 1548 4365 hypothesin)
1597 4280 1892 4364 quaedam
1934 4282 2381 4365 imaginamur,
2429 4299 2577 4364 quae
2619 4280 2906 4363 ejusdem
2946 4299 3111 4364 prae-

491 4374 736 4434 sentem
781 4369 1186 4434 existentiam
1227 4368 1584 4434 secludunt.
1633 4368 1877 4434 Verum
1927 4376 2250 4453 quatenus
2295 4371 2563 4435 eandem
2611 4388 2758 4433 cum
2804 4369 3112 4434 relatione

491 4458 570 4522 ad
628 4464 883 4542 tempus
943 4459 1340 4541 praeteritum
1385 4459 1835 4543 imaginamur,
1884 4465 2151 4525 eatenus
2197 4460 2444 4544 aliquid
2491 4459 2828 4543 imaginari
2877 4477 3109 4543 suppo-

557 4727 612 4793 1)
645 4727 794 4778 Vers.
848 4729 992 4794 Belg.
1043 4756 1109 4767 —
1155 4728 1248 4779 Ed.
1284 4730 1404 4781 Pr.:
1437 4745 1544 4783 non
1580 4731 1829 4783 multum.
1866 4730 1952 4782 Sic
1988 4746 2174 4783 omnes
2210 4732 2565 4797 recentiores3
2600 4746 2788 4783 verum
2824 4730 3022 4782 Saisset
3059 4736 3113 4782 et

492 4795 834 4916 {ixx-3213}
858 4796 934 4846 ita
967 4800 1187 4847 vertunt
1222 4811 1283 4847 ac
1315 4797 1362 4848 si
1396 4803 1520 4849 ante
1556 4799 1819 4863 scriptum
1855 4803 2028 4849 esset:
2067 4804 2119 4850 et
2151 4813 2276 4866 erqa
2311 4813 2427 4850 rem
2463 4798 2721 4864 futuram
2755 4799 2928 4851 multo
2965 4797 3112 4850 vehe-
