3609 5642
1282 501 1292 508 ·
1380 510 1462 555 nn
1506 510 1838 556 snnvlrurn
1881 511 2160 557 HUMANA.
2955 494 3078 557 117

460 675 651 758 cujus
720 678 1003 759 potentia
1069 676 1251 741 finita
1319 681 1431 740 aut
1497 676 1750 741 infinita
1816 679 1935 757 sit3
2007 695 2237 761 nempe
2307 677 2408 742 vel
2467 697 2551 743 ex
2611 679 2746 743 sola
2805 679 3083 744 hominis

459 765 761 847 potentia,
820 768 935 850 qui
996 765 1241 830 scilicet
1300 767 1467 849 potis
1515 772 1699 849 esset,
1749 771 1822 830 ut
1869 786 1906 830 a
1952 784 2020 830 se
2065 771 2418 831 removeret
2461 766 2743 851 reliquas
2789 770 3083 842 mutatio-

455 873 597 935 nes,
645 872 792 937 quae
840 876 877 919 a
923 855 1135 919 causis
1182 857 1469 919 externis
1517 856 1665 919 oriri
1715 860 2008 940 possent3
2061 856 2163 922 vel
2208 855 2459 921 infinita
2495 856 2557 920 N
2558 863 2758 921 aturae
2783 860 3083 941 potentia,
3136 891 3139 892 ν

458 962 496 1005 a
565 962 694 1026 qua
754 945 968 1008 omnia
1028 944 1379 1027 singularia
1421 945 1511 1009 ita
1557 945 2004 1028 dirigerentur,
2051 950 2125 1009 ut
2169 946 2358 1009 homo
2406 945 2619 1010 nullas
2664 946 2820 1010 alias
2866 952 3084 1031 posset

457 1033 589 1115 pati
653 1034 1058 1114 mutationes,
1111 1034 1237 1098 nisi
1284 1053 1430 1117 quae
1473 1035 1680 1117 ipsius
1726 1035 2196 1099 conservationi
2240 1036 2620 1100 inserviunt.
2668 1035 2758 1098 At
2801 1038 3081 1119 primum

458 1126 595 1204 (per
640 1118 836 1206 Prop.
881 1121 1161 1206 praeced„
1206 1123 1395 1205 cnjus
1436 1122 1881 1187 demonstratio
1924 1122 2303 1188 universalis
2346 1129 2452 1206 est,
2496 1128 2556 1187 et
2596 1123 2689 1188 ad
2728 1143 2937 1189 omnes
2980 1145 3084 1189 res

456 1209 805 1293 sinyularcs
871 1210 1182 1295 applicari
1237 1216 1457 1295 potest)
1526 1216 1623 1276 est
1683 1212 2055 1276 absurdum.
2117 1211 2305 1296 Ergo,
2353 1213 2409 1276 si
2467 1211 2609 1278 fieri
2654 1220 2869 1297 posset
2899 1211 2964 1296 ¹),
3009 1218 3081 1278 ut

458 1300 648 1363 homo
693 1300 906 1364 nullas
952 1306 1275 1385 pateretur
1323 1302 1726 1383 mutationeS,
1771 1303 1901 1365 nisi
1948 1319 2096 1385 quoe
2139 1319 2257 1385 per
2301 1302 2502 1365 solam
2548 1302 2756 1385 ipsius
2803 1304 3082 1368 hominis

457 1393 753 1453 naturam
821 1393 1083 1473 possent
1148 1389 1442 1473 intelligi,
1500 1394 1563 1454 et
1625 1395 2093 1474 consequenter
2152 1391 2336 1469 (sicut
2375 1391 2514 1473 jam
2559 1389 2962 1470 ostendimus)
3009 1396 3084 1457 ut

457 1496 711 1561 semper
753 1481 1113 1543 necessario
1160 1480 1496 1558 existeret3
1541 1478 1608 1542 id
1656 1481 1843 1563 sequi
1890 1478 2147 1544 deberet
2191 1497 2274 1543 ex
2312 1476 2434 1543 Dei
2473 1478 2725 1544 infinita
2761 1482 3079 1563 potentia3

456 1572 520 1631 et
587 1574 1055 1651 consequenter
1124 1568 1261 1651 (per
1303 1565 1500 1651 Prop.
1548 1567 1652 1631 16.
1695 1587 1756 1651 Ρ.
1806 1568 1892 1645 1.)
1953 1588 2036 1633 ex
2094 1570 2473 1633 necessitate
2519 1568 2754 1632 divinae
2818 1574 3084 1650 naturae,

459 1660 779 1739 quatenus
846 1656 1121 1739 alicujus
1190 1657 1469 1720 hominis
1536 1657 1680 1721 idea
1740 1657 2007 1722 affectus
2068 1658 2528 1739 consideratur,
2571 1658 2772 1722 totius
2816 1657 3082 1722 Naturae

456 1745 628 1827 ordo,
676 1751 996 1830 quatenus
1046 1748 1189 1829 ipsa
1233 1745 1355 1810 sub
1402 1745 1821 1812 Extensionis
1865 1751 1928 1812 et
1975 1744 2387 1831 Cogitationis
2435 1746 2756 1811 attributis
2804 1748 3080 1830 concipi-

458 1840 584 1916 tur,
629 1834 862 1899 deduci
908 1834 1196 1915 deberet3
1248 1839 1443 1918 atque
1488 1835 1644 1900 adeo
1690 1840 1826 1919 (per
1869 1833 2059 1920 Prop.
2105 1834 2211 1899 21.
2246 1855 2307 1919 Ρ.
2346 1835 2405 1899 1.
2432 1831 2529 1913 2))
2572 1841 2968 1919 sequeretur,
3007 1841 3082 1900 ut

459 1923 650 1987 homo
721 1929 890 1989 esset
957 1923 1274 2006 infinitus,
1342 1923 1513 2008 quod
1581 1929 1717 2008 (per
1774 1925 1832 1988 1.
1877 1930 2045 2007 part.
2093 1923 2293 2004 huius
2352 1924 2923 2004 demonstrationis)
2985 1930 3082 1989 est

458 2012 828 2077 absurdum.
899 2012 1070 2077 Fieri
1138 2015 1360 2097 itaque
1424 2015 1669 2096 nequit,
1718 2017 1790 2077 ut
1851 2013 2040 2078 homo
2087 2014 2302 2078 nullas
2348 2014 2505 2078 alias
2552 2015 2831 2098 patiatur
2877 2019 3081 2079 muta-

463 2103 690 2185 tiones,
733 2102 862 2167 nisi
911 2122 1183 2185 quarum
1231 2104 1368 2187 ipse
1416 2102 1751 2186 adaequata
1796 2102 1880 2166 sit
1926 2121 2135 2167 causa.
2189 2100 2257 2181 Q.
2304 2101 2386 2167 E.
2431 2100 2516 2166 D.

1438 2235 1473 2279 c
1495 2235 1533 2280 o
1554 2236 1596 2280 R
1619 2235 1656 2279 o
1678 2236 1718 2280 L
1740 2235 1780 2279 1.
1800 2235 1844 2279 A
1865 2236 1907 2280 R
1927 2236 1951 2280 1
1971 2237 2016 2280 u
2037 2236 2100 2281 ιι.

548 2302 721 2368 Hinc
790 2305 1101 2388 sequitur,
1169 2304 1492 2369 hominem
1564 2306 1925 2371 necessario
1994 2303 2402 2389 passionibus
2462 2323 2603 2370 esse
2663 2323 2914 2389 semper
2972 2303 3081 2367 ob-

458 2395 753 2476 noxium,
800 2412 1339 2478 communemque
1373 2393 1640 2459 Naturae
1680 2395 1969 2458 ordinem
2011 2395 2195 2479 sequi
2234 2399 2299 2459 et
2320 2394 2526 2460 eidem
2551 2413 2789 2478 parere,
2812 2410 3082 2477 seseque

456 2483 684 2566 eidem,
730 2488 1043 2567 quantum
1090 2501 1308 2547 rerum
1354 2489 1586 2548 natura
1632 2484 1853 2568 exigit,
1900 2483 2395 2553 accommodare.

1335 2619 2036 2686 PROPOSITIO
2127 2620 2206 2686 V.

560 2732 672 2799 Vis
715 2738 775 2799 et
821 2736 1266 2800 incrementum
1307 2736 1744 2820 cuiuscunque
1784 2734 2120 2820 passionis,
2163 2735 2422 2820 ejusque
2463 2733 2537 2799 in
2581 2732 2898 2799 existendo
2942 2754 3081 2818 per-

456 2824 830 2907 severantia,
897 2843 1023 2889 non
1088 2823 1395 2906 definitwr
1457 2824 1758 2908 potentia,
1828 2843 1961 2911 qua
2027 2843 2142 2889 nos
2199 2824 2275 2889 in
2331 2824 2646 2889 existendo
2688 2843 3083 2908 perseverare

459 2932 780 2998 conamur,
825 2913 936 2978 sed
978 2933 1186 2978 causoe
1225 2918 1499 2979 externoe
1542 2912 1822 2998 potentia
1865 2934 2009 2979 cum
2052 2918 2277 2979 nostra
2319 2914 2701 2997 comparata.

1415 3046 2130 3091 ΒΕΜοΝεΤΒΑΤια

547 3115 877 3181 Passionis
923 3118 1200 3182 essentia
1244 3136 1375 3180 non
1422 3121 1630 3201 potest
1675 3135 1789 3200 per
1835 3115 2035 3180 solam
2083 3119 2365 3179 nostram
2403 3114 2744 3180 essentiam
2770 3115 3081 3199 explicari

458 3209 596 3288 (per
645 3203 849 3286 Defin.
896 3205 954 3268 1.
1000 3211 1060 3270 et
1102 3205 1161 3268 2.
1207 3224 1269 3288 Ρ.
1316 3205 1419 3288 3.),
1467 3206 1589 3269 hoc
1634 3211 1732 3270 est
1769 3209 1908 3289 (per
1948 3204 2138 3288 Prop.
2165 3204 2223 3267 7.
2245 3223 2306 3288 Ρ.
2333 3204 2438 3287 3.),
2462 3205 2779 3289 passionis
2800 3205 3082 3287 potentia

461 3294 711 3358 definiri
772 3295 1000 3377 nequit
1050 3295 1348 3378 potentia,
1396 3315 1525 3378 qua
1567 3296 1635 3358 in
1685 3300 1907 3358 nostro
1953 3312 2094 3358 esse
2139 3312 2550 3378 perseverare
2594 3311 2922 3375 conamur,
2969 3292 3080 3358 sed

461 3388 560 3462 (ut
603 3383 793 3467 Prop.
835 3383 937 3448 16.
973 3402 1034 3467 Ρ.
1075 3383 1135 3447 2.
1174 3388 1486 3448 ostensum
1519 3388 1634 3463 est)
1673 3383 1926 3449 definiri
1964 3383 2324 3448 necessario
2349 3382 2535 3447 debet
2558 3383 2840 3466 potentia
2862 3400 3077 3446 causae

463 3477 744 3539 externae
790 3493 939 3537 cum
984 3478 1203 3537 nostra
1248 3476 1627 3558 comparata.
1681 3471 1751 3552 Q.
1794 3472 1874 3537 Ε.
1920 3470 2005 3538 D.

1323 3608 2024 3676 PROPOSITIO
2116 3607 2229 3673 VL

562 3721 672 3788 Vis
737 3723 1017 3807 alicujus
1082 3723 1414 3807 passionis,
1479 3744 1591 3789 seu
1658 3724 1932 3807 affectas,
1990 3722 2271 3808 reliquas
2329 3720 2598 3787 hominis
2642 3721 2927 3803 actiones,
2971 3740 3084 3785 seu

456 3814 818 3897 potentiam,
860 3833 1165 3898 superare
1207 3819 1421 3899 potest,
1464 3815 1561 3878 ita
1604 3818 1679 3878 ut
1722 3814 1986 3893 affectus
2018 3812 2431 3897 pertinaciter
2468 3810 2707 3876 homini
2741 3809 3082 3875 adhaereat.

1412 3946 2134 3992 DEMONSTRATIQ

550 4015 669 4080 Vis
729 4019 792 4081 et
857 4018 1326 4081 incrementum
1398 4018 1849 4101 cujuscunque
1908 4016 2244 4101 passionis,
2305 4016 2573 4099 ejusque
2632 4015 2702 4078 in
2747 4012 3083 4077 existendo

462 4108 954 4189 perseverantia,
1016 4105 1319 4170 definitur
1361 4107 1646 4190 potentia
1689 4126 1900 4171 causae
1946 4110 2228 4171 externae
2272 4124 2421 4168 cum
2468 4108 2686 4168 nostra
2725 4104 3086 4186 comparata

462 4195 599 4278 (per
669 4194 858 4279 Prop.
902 4196 1150 4279 proec.);
1213 4196 1504 4278 adeoque
1569 4197 1706 4280 (per
1768 4194 1960 4280 Prop.
2007 4194 2068 4260 3.
2114 4194 2331 4277 hujus)
2392 4193 2672 4258 hominis
2732 4192 3079 4275 potentiam

465 4302 767 4368 superare
811 4288 1037 4368 potest,
1082 4289 1196 4350 etc.
1249 4283 1317 4364 Q.
1362 4283 1439 4372 Ε.
1485 4283 1567 4348 D.

1311 4421 2010 4497 PROPOSITIO
2101 4421 2246 4486 VII.
2330 4409 2334 4413 Δ

550 4535 845 4619 Affectus
907 4537 1172 4603 coerceri
1235 4556 1348 4602 nec
1413 4536 1544 4602 tolli
1596 4541 1814 4621 potest,
1873 4536 2002 4600 nisi
2058 4555 2172 4620 per
2230 4533 2548 4618 affectum
2594 4532 2987 4598 contrarium
3031 4537 3090 4596 et

465 4626 792 4710 fortiorem
836 4626 1066 4706 affectu
1109 4626 1447 4692 coercendo.

534 4812 593 4878 1)
626 4813 721 4864 Ed.
753 4814 873 4865 Pr.:
899 4816 1098 4881 potest.

532 4879 589 4945 2)
625 4879 886 4947 Schmidt,
920 4879 1218 4944 Auerbach,
1258 4878 1480 4931 Brudet.
1514 4906 1580 4917 -
1614 4877 1708 4930 Ed.
1741 4878 1861 4932 Pr.:
1892 4892 1948 4945 Ρ.
1983 4877 2033 4928 2.
