3609 5642
512 491 643 557 114
1539 507 1790 555 11·me
1833 507 1990 554 uns
2030 507 2118 553 nr.

593 672 2906 760 Bmdmdumquodmvtikiletiampositivuminrebus,
2948 673 3132 738 inse

506 762 736 830 scilicet
801 763 1230 848 consideratis,
1294 762 1603 847 indicant,
1668 784 1782 831 nec
1838 763 2022 830 aliud
2077 769 2232 829 sum
2280 768 2513 844 proeter
2553 763 2866 847 copitandi
2907 762 3132 846 modos,

507 872 620 918 seu
679 855 977 937 notiones,
1033 872 1195 939 quas
1249 813 1854 936 formamus’eoeeo,
1898 851 3131 955 quodresadinvicemcomparamus.

508 940 680 1007 Nam
746 962 888 1008 una
952 942 1287 1008 eademne
1343 961 1445 1007 res
1499 940 2801 1027 potesteodemtemporebonaetmala,
2844 942 3133 1007 etetiam

509 1031 892 1116 indifferens
954 1050 1100 1097 esse.
1252 1051 1406 1114 ..qr
1452 1030 1711 1096 Musica
1755 1031 1921 1097 bona
1962 1037 2055 1095 est
2098 1029 2564 1115 Melancholico,
2607 1030 2780 1096 mala
2822 1030 3135 1115 Luyenti5

514 1119 728 1187 Surda
771 1125 983 1187 autem
1022 1139 1225 1206 neque
1265 1119 1425 1186 bona
1466 1140 1664 1208 neque
1704 1120 1894 1186 mala.
1951 1119 2200 1203 Verum,
2242 1120 2626 1205 quamvisse
2660 1119 3135 1203 resitahabeat,

512 1209 689 1275 nobis
754 1215 963 1276 tamen
1030 1208 1160 1275 hoec
1223 1209 1523 1275 vocabula
1586 1210 1920 1275 retinenda
1976 1216 2144 1275 stunt.
2187 1207 2359 1274 Nam
2404 1211 2558 1296 quia
2599 1209 2803 1275 ideam
2845 1208 3135 1291 hominis,

513 1303 822 1384 tanquam
864 1304 1121 1365 naturoe
1161 1298 1459 1364 hurnanoe
1498 1298 1835 1380 πονηρῶν,
1881 1298 2054 1386 quod
2093 1300 2470 1381 intueamur,
2512 1299 2795 1382 formare
2835 1299 3138 1383 cupimus,

511 1385 3139 1472 nobiseoeusuerit,hoeceademvocabulaeo,quodioei,sensuretinerePer

513 1477 742 1543 bonum
782 1478 996 1565 itaque
1040 1478 1111 1543 in
1153 1497 1317 1564 seqq.
1363 1476 1705 1561 intelliyam
1748 1478 1837 1562 id,
1880 1477 2049 1564 quod
2090 1482 2252 1543 certo
2292 1477 2524 1542 scimus
2565 1476 2835 1543 medium
2878 1496 3026 1559 esse,
3068 1481 3137 1540 ut

513 1565 602 1631 ad
664 1568 984 1649 eoeenmlar
1024 1566 1324 1633 humanoe
1365 1571 1640 1650 naturoe,
1683 1568 1854 1651 quod
1895 1566 2068 1632 nobis
2105 1565 2536 1650 proponimus,
2580 1567 2778 1649 mayis
2821 1566 3138 1650 magisque

514 1656 899 1722 accedamus.
943 1656 1073 1722 Per
1113 1656 1353 1721 malum
1396 1660 1606 1722 autem
1649 1656 1812 1742 id,q
1814 1657 1943 1722 uod
1973 1662 2139 1722 certo
2172 1655 2406 1721 scimus
2441 1656 2759 1740 impedire,
2780 1674 2905 1741 quo
2924 1655 3138 1720 minus

514 1745 680 1811 idem
743 1744 1064 1831 exemplar
1126 1745 1501 1829 referamus.
1565 1743 1811 1811 Deinde
1873 1744 2150 1811 homines
2201 1744 2603 1849 perfectiores
2658 1750 2777 1811 aut
2818 1744 3137 1829 imperfec-

515 1836 703 1901 tiores
760 1835 1054 1919 dicemus,
1096 1839 1412 1920 quatenus
1473 1832 1562 1898 ad
1599 1833 1712 1900 hoc
1753 1835 1917 1900 idem
1959 1834 2276 1919 exemplar
2317 1834 2520 1919 maqis
2561 1840 2676 1900 aut
2718 1834 2933 1899 minus
2974 1853 3137 1899 acce·

517 1923 702 1989 dunt.
768 1924 945 1990 Nam
1010 1924 1298 2004 apprime
1362 1923 1718 1989 notandum
1783 1929 1894 2007 est,
1950 1943 2095 1989 cum
2153 1924 2308 2007 dico,
2365 1922 2634 2005 aliquem
2689 1944 2733 1988 a
2775 1924 3014 1989 minore
3052 1922 3138 1987 ad

518 2015 821 2098 maiorem
877 2014 1321 2099 perfectionem
1386 2014 1678 2096 transire,
1742 2018 1804 2078 et
1861 2018 2099 2096 contra,
2143 2033 2239 2077 me
2279 2032 2412 2077 non
2455 2011 2815 2097 intelliqere,
2858 2010 3026 2097 quod
3066 2033 3141 2077 ex

517 2123 654 2169 una
711 2101 2118 2208 essentiaseuformainaliamrnutatum
2160 2100 2832 2188 Equusnamqueex.
2873 2122 2967 2185 qr.
3013 2106 3140 2165 tam

520 2192 895 2277 destruitur,
938 2191 996 2256 si
1038 2193 1113 2256 in
1153 2192 1476 2276 hominem,
1519 2211 1713 2277 quam
1757 2192 1819 2256 si
1859 2193 1929 2257 in
1973 2193 2277 2257 insectum
2318 2196 2627 2271 mutetur,·
2664 2191 2775 2256 sed
2808 2190 2974 2276 quod
3006 2192 3144 2274 ejus

521 2282 753 2364 aqendi
814 2282 1193 2386 potentiam,
1220 2286 1534 2368 quatenus
1574 2279 1704 2346 haec
1735 2301 1859 2366 per
1901 2282 2103 2366 ipsius
2144 2285 2447 2345 naturam
2491 2240 2886 2365 intelliyitur,
2930 2279 3145 2363 auyeri

520 2370 617 2436 vel
681 2371 887 2435 minui
951 2370 1350 2451 concipimus.
1417 2368 1710 2456 Denique
1764 2390 1889 2455 per
1929 2370 2366 2453 perfectionem
2411 2370 2479 2433 in
2517 2390 2735 2453 yenere
2776 2369 3142 2450 reditatm,

520 2460 620 2524 uti
683 2459 837 2543 dixi,
894 2458 1276 2544 intelliqam;
1333 2459 1445 2524 hoc
1486 2466 1593 2541 est,
1637 2461 1733 2525 rei
1772 2461 2199 2564 cujuscunque
2241 2460 2593 2543 essentiam,
2635 2464 2942 2545 quatenus
2984 2463 3146 2523 certo

518 2548 695 2614 modo
760 2549 970 2613 existit
1035 2553 1096 2615 et
1158 2555 1471 2631 operatur,
1530 2548 1714 2613 nulla
1772 2550 1977 2633 ipsius
2021 2549 2373 2614 durationis
2414 2547 2626 2614 habita
2668 2549 2930 2613 ratione.
2973 2547 3145 2612 Nam

517 2638 701 2702 nulla
769 2658 871 2703 res
938 2637 1289 2721 sinyularis
1349 2643 1549 2719 potest
1606 2638 1744 2703 ideo
1806 2638 1930 2703 dici
1969 2637 2321 2721 perfectior,
2364 2639 2515 2724 quia
2554 2637 2700 2723 plus
2742 2639 3033 2722 temporis
3075 2639 3147 2701 in

518 2728 833 2792 existendo
895 2728 1348 2807 perseveravit,·
1411 2726 1641 2812 quippe
1700 2747 1916 2792 rerum
1961 2727 2214 2792 duratio
2256 2747 2333 2792 ex
2376 2745 2597 2792 earum
2641 2728 2905 2792 essentia
2949 2727 3145 2791 deter-

518 2816 756 2969 m
794 2816 1083 2970 mfflffl
1081 2815 2481 3010 Jfflmffzdwww.
2490 2816 3147 2989 ῗῖἔὲἵίὲἔὲἷὲἑῗί

518 2994 618 3076 sit,
675 2993 801 3058 sive
838 2994 1068 3076 minus,
1110 2993 1321 3059 eadem
1364 2994 1445 3076 vi,
1489 3014 1619 3079 qua
1660 2995 1921 3060 existere
1962 2994 2201 3080 incipit,
2242 3014 2482 3079 semper
2524 2996 2599 3059 in
2647 2995 2963 3060 existendo
2995 3014 3149 3078 per-

518 3102 804 3147 severare
841 3083 1088 3166 poterit,
1130 3084 1227 3148 ita
1271 3089 1341 3147 ut
1384 3102 1595 3149 omnes
1638 3083 1757 3148 hac
1799 3084 1876 3148 in
1918 3104 1990 3148 re
2034 3082 2304 3166 aequales
2346 3084 2494 3149 sint.

1402 3232 2260 3300 DEFINITIONES.

606 3344 657 3409 L
702 3345 829 3411 Per
872 3344 1111 3411 bonum
1157 3345 1226 3410 id
1270 3346 1644 3430 intelligam,
1690 3348 1866 3432 quod
1912 3353 2084 3413 certo
2130 3349 2374 3413 seimus
2420 3346 2608 3413 nobis
2654 3365 2796 3412 esse
2840 3347 3016 3413 utile.

607 3433 691 3499 II.
750 3434 877 3499 Per
935 3436 1178 3500 malum
1239 3439 1454 3499 autem
1514 3435 1601 3518 id,
1649 3437 1823 3520 quod
1868 3442 2042 3502 certo
2086 3439 2329 3502 scimus
2379 3437 2708 3522 impedire,
2753 3454 2880 3519 quo
2932 3438 3153 3501 minus

523 3522 676 3588 boni
721 3523 996 3607 aliquus
1042 3524 1247 3590 simus
1292 3529 1632 3608 compotes.

611 3610 735 3691 (De
779 3612 882 3677 his
928 3612 1391 3699 praecedentem
1438 3613 1587 3678 vide
1631 3612 2067 3698 praefationem
2113 3612 2236 3679 sub
2280 3612 2518 3694 finem.)

610 3700 729 3765 III.
797 3699 926 3766 Res
993 3701 1355 3786 singulares
1420 3721 1581 3766 voco
1651 3703 2113 3787 contingentes,
2172 3708 2511 3788 quatenus»,
2573 3703 2729 3768 dum
2790 3703 2871 3767 ad
2932 3720 3150 3767 earum

524 3790 724 3855 solam
770 3790 1112 3856 essentiam
1160 3790 1567 3873 attendimus,
1611 3792 1771 3855 nihil
1819 3793 2210 3875 invenimus,
2253 3793 2427 3875 quod
2473 3812 2695 3858 earum
2742 3794 3153 3857 existentiam

522 3880 884 3944 necessario
928 3884 1141 3964 ponat,
1184 3878 1286 3944 vel
1337 3880 1510 3963 quod
1553 3880 1760 3964 ipsam
1804 3882 2170 3946 necessario
2215 3881 2518 3948 secludat.

611 3968 725 4032 IV.
773 3967 1048 4033 Easdem
1094 3987 1198 4034 res
1246 3969 1606 4052 singulares
1655 3987 1813 4033 voco
1860 3970 2215 4054 possibileS,
2254 3977 2596 4054 quatenuS,
2621 3970 2775 4035 dum
2801 3969 2880 4032 ad
2906 3987 3151 4049 causas,

524 4074 607 4120 ex
655 4057 892 4142 quibus
935 4057 1205 4142 produci
1249 4056 1501 4139 debent,
1545 4059 1954 4142 attendimus,
2000 4060 2348 4143 nescimuS,
2391 4080 2475 4125 an
2520 4062 2679 4145 ipsae
2719 4059 3151 4123 determinatae

525 4146 655 4209 sint
701 4147 781 4210 ad
828 4147 1084 4212 easdem
1133 4145 1637 4230 producendum.

611 4232 714 4312 (In
777 4233 984 4299 Schol.
1036 4235 1090 4298 1.
1135 4234 1325 4319 Prop.
1373 4236 1474 4299 33.
1523 4255 1583 4318 p.
1633 4235 1687 4297 1.
1748 4236 1919 4300 inter
1977 4236 2280 4321 possibile
2343 4241 2407 4301 et
2466 4239 2846 4319 contingens
2907 4235 3148 4300 nullam

522 4321 645 4386 feei
692 4322 1132 4405 differentiam,
1179 4324 1331 4407 quia
1375 4323 1465 4387 ibi
1511 4342 1641 4387 non
1690 4343 1855 4409 opus
1901 4330 2036 4389 erat
2081 4327 2216 4389 haee
2262 4331 2560 4392 accurate
2609 4325 3049 4408 distinguere.)

613 4410 690 4474 V.
759 4410 884 4476 Per
952 4414 1304 4477 contrarios
1373 4413 1638 4478 affectus
1705 4414 1775 4476 in
1839 4431 2013 4498 seqq.
2075 4414 2431 4498 intelligam
2491 4432 2622 4496 eos,
2667 4416 2781 4498 qui
2827 4415 3146 4478 hominem

523 4501 850 4565 diversum
911 4501 1192 4583 trahunt,
1251 4503 1547 4584 quamvis
1610 4501 1898 4584 ejusdem
1944 4505 2073 4568 sint
2115 4504 2390 4586 generiS,
2436 4508 2508 4569 ut
2554 4503 2849 4568 luxuries
2895 4507 2958 4568 et
3004 4520 3151 4566 ava-

522 4589 686 4670 ritia,
756 4607 901 4672 quae
971 4590 1204 4654 amoris
1273 4594 1428 4655 sunt
1497 4592 1773 4676 species3
1838 4610 1957 4657 nee
2013 4593 2260 4674 natura,
2321 4592 2434 4658 sed
2494 4611 2610 4677 per
2653 4591 2949 4657 accidens
2998 4593 3155 4655 sunt

526 4678 845 4742 contrarii.

615 4764 728 4830 VL
778 4764 947 4842 Quid
992 4784 1107 4851 per
1151 4766 1449 4831 affectum
1494 4786 1646 4852 erga
1690 4786 1826 4833 rem
1872 4768 2180 4853 futuram,
2225 4773 2628 4854 praesentem,
2673 4774 2739 4834 et
2773 4769 3153 4855 praeteritam

525 4854 902 4940 intelligam,
947 4854 1229 4941 explicui
1273 4857 1340 4919 in
1387 4854 1597 4920 Schol.
1648 4857 1704 4921 1.
1750 4860 1814 4920 et
1860 4858 1919 4920 2.
1965 4856 2150 4941 Prop.
2206 4858 2309 4922 18.
2357 4878 2418 4943 p.
2467 4860 2545 4945 3.,
2593 4858 2769 4944 quod
2815 4857 2979 4923 vide.
