3609 5642
488 463 570 528 12
1538 483 1786 530 mons
1830 484 1987 530 uns
2030 485 2071 530 1.

483 652 785 734 attendat,
841 652 1016 737 quod
1060 671 1146 717 ex
1191 653 1336 718 data
1383 652 1833 737 cujuscunque
1877 653 1973 717 rei
2019 650 2389 718 definitione
2432 653 2650 738 plures
2695 653 3110 739 proprietates

479 741 842 808 intellectus
887 742 1227 825 concludit,
1274 760 1423 826 quae
1466 760 1688 807 revera
1732 761 1819 807 ex
1865 742 2086 807 eadem
2131 742 2275 822 (hoc
2319 747 2434 827 est,
2479 745 2621 827 ipsa
2663 744 2760 808 rei
2804 744 3109 823 essentia)

481 832 840 896 necessario
911 839 1293 915 sequuntur,
1360 835 1425 896 et
1488 850 1563 897 eo
1632 831 1874 917 plures,
1935 850 2065 915 quo
2124 831 2274 916 plus
2335 831 2643 898 realitatis
2685 834 2781 897 rei
2826 832 3111 898 definitio

483 921 803 1003 exprimit,
847 921 969 986 hoc
1013 926 1133 1004 est,
1175 940 1303 1005 qno
1346 920 1495 1005 plus
1533 920 1843 986 realitatis
1879 922 1974 986 rei
2012 918 2292 985 definitae
2334 924 2613 987 essentia
2633 922 2926 987 involvit.
2949 921 3110 987 Cum

483 1013 698 1074 autem
757 1015 989 1075 natura
1041 1011 1261 1075 divina
1303 1008 1556 1074 infinita
1599 1009 1894 1076 absolute
1940 1009 2249 1075 attributa
2292 1009 2521 1076 babeat
2565 1013 2713 1092 (per
2756 1009 2964 1093 Defin.
3012 1012 3114 1094 6.),

484 1118 761 1181 quorum
831 1102 1023 1164 etiam
1088 1099 1598 1184 unumquodque
1655 1099 1973 1164 infinitam
2036 1100 2378 1164 essentiam
2438 1102 2508 1164 in
2556 1119 2675 1166 suo
2719 1119 2957 1184 genere
3000 1120 3112 1166 ex-

481 1189 718 1272 primit,
786 1207 871 1254 ex
940 1189 1227 1272 ejusdem
1295 1208 1446 1274 ergo
1505 1190 1889 1255 necessitate
1947 1187 2200 1253 infinita
2259 1188 2531 1255 infinitis
2577 1189 2783 1255 modis
2829 1191 2972 1271 (hoc
3017 1194 3114 1256 est

485 1279 723 1432 (dmbliat
761 1296 910 1446 ¹³3ae
908 1278 1106 1433 13¹¹}
1124 1279 1519 1344 intellectum
1565 1278 1896 1344 infinitum
1943 1277 2169 1345 cadere
2207 1284 2502 1362 possunt)
2541 1281 2902 1346 necessario
2925 1282 3115 1365 sequi

532 1385 567 1432 e
613 1386 693 1432 en
725 1416 739 1431 .
844 1415 859 1431 .
975 1416 990 1431 .
1106 1416 1121 1431 .

1411 1487 2061 1534 conoLLARIUM
2133 1468 2184 1533 L

571 1580 744 1646 Hinc
787 1584 1098 1667 sequitur,
1142 1580 1353 1648 Deum
1395 1584 1686 1647 omnium
1725 1601 1964 1665 rerum,
2003 1601 2152 1668 quae
2192 1583 2315 1649 sub
2353 1584 2750 1650 intellectum
2786 1582 3113 1648 infinitum

484 1672 710 1737 cadere
752 1678 1044 1756 possunt,
1088 1691 1231 1738 esse
1274 1691 1535 1737 causam
1585 1671 1985 1737 efficientem.

1390 1804 2046 1851 conoLLAmux
2125 1785 2212 1850 II.

572 1886 879 1971 Sequitur
921 1884 1055 1969 II⁰.,
1099 1885 1312 1953 Deum
1358 1905 1620 1951 causam
1667 1905 1810 1952 esse
1852 1906 1966 1971 per
2011 1905 2100 1970 se,
2144 1906 2277 1951 non
2326 1905 2478 1952 vero
2522 1906 2636 1971 per
2680 1887 2994 1952 accidens.

1381 2019 2028 2066 oonoLLAmux
2101 1999 2220 2065 [Π.

570 2099 880 2185 Sequitur
921 2098 1090 2184 111⁰,
1133 2098 1346 2166 Deum
1393 2119 1536 2167 esse
1581 2100 1872 2167 absolute
1917 2121 2181 2167 causam
2225 2103 2520 2186 primam.

1294 2248 1998 2316 PROPOSITIO
2089 2250 2306 2316 XVII.

572 2374 750 2441 Deus
791 2397 868 2442 ex
911 2375 1060 2442 solis
1101 2396 1233 2442 suoe
1274 2382 1529 2441 naturae
1571 2375 1822 2460 lapibus,
1863 2380 1925 2442 et
1969 2397 2014 2442 a
2056 2377 2306 2443 nemine
2349 2381 2596 2444 coactus
2637 2376 2790 2464 aqit.

1449 2509 2168 2555 DEMONSTRATIQ

572 2588 676 2653 Ex
744 2591 881 2655 sola
948 2591 1188 2655 divinae
1257 2594 1508 2654 naturae
1568 2591 1966 2673 necessitate,
2025 2591 2128 2656 vel
2187 2591 2387 2675 (quod
2447 2591 2617 2656 idem
2664 2594 2785 2671 est)
2831 2610 2916 2656 ex
2961 2591 3115 2656 solis

483 2679 767 2763 ejusdem
817 2683 1066 2744 naturae
1108 2679 1380 2764 legibus,
1424 2678 1678 2743 infinita
1722 2678 2017 2745 absolute
2055 2683 2260 2765 sequi,
2299 2681 2488 2746 modo
2526 2679 2715 2760 Prop.
2757 2680 2860 2744 16.
2902 2685 3119 2746 osten-

484 2769 731 2851 dimus;
782 2774 846 2834 et
891 2767 1082 2850 Prop.
1131 2769 1233 2832 15.
1282 2769 1886 2853 demonstravimus,
1932 2770 2095 2834 nihil
2141 2771 2282 2835 sine
2328 2768 2466 2835 Deo
2514 2788 2655 2835 esse
2699 2789 2820 2835 nec
2865 2771 3114 2856 concipi

480 2877 688 2942 posse,
735 2858 847 2923 sed
891 2860 1110 2923 omnia
1151 2862 1220 2922 in
1268 2856 1406 2923 Deo
1453 2876 1632 2939 esse3
1678 2877 1877 2942 quare
1922 2859 2085 2922 nihil
2132 2865 2316 2925 extra
2359 2860 2576 2945 ipsum
2622 2877 2764 2925 esse
2808 2863 3034 2945 potest,
3073 2879 3111 2924 a

484 2967 614 3032 quo
676 2948 758 3012 ad
805 2949 1126 3032 agendum
1173 2948 1632 3013 determinetur
1676 2949 1781 3013 vel
1827 2953 2113 3033 cogatur,
2159 2950 2355 3032 atque
2399 2948 2558 3014 adeo
2603 2946 2784 3015 Deus
2830 2967 2914 3014 ex
2960 2949 3115 3015 solis

484 3057 621 3103 suae
667 3042 918 3102 naturae
965 3037 1217 3123 legibus
1264 3042 1327 3102 et
1372 3057 1409 3101 a
1455 3038 1714 3102 nemine
1757 3043 2017 3102 coactus
2065 3039 2211 3123 agit,
2264 3036 2333 3117 Q.
2379 3036 2462 3103 Ε.
2507 3036 2592 3102 D.

1414 3169 2064 3217 coROLLARIUM
2134 3151 2185 3216 L

569 3252 742 3318 Hinc
810 3255 1107 3338 sequitur
1172 3250 1273 3336 1⁰.,
1330 3252 1580 3317 nullam
1642 3252 1779 3318 dari
1827 3272 2108 3336 causam,
2155 3271 2304 3337 quae
2350 3251 2563 3317 Deum
2609 3251 2967 3318 extrinsece
3012 3251 3117 3317 vel

480 3344 848 3428 intrinsece,
889 3346 1126 3428 praeter
1168 3342 1377 3428 ipsius
1421 3347 1671 3407 naturae
1716 3342 2191 3427 perfectionem,
2234 3343 2457 3408 incitet
2502 3342 2583 3407 ad
2628 3341 2969 3427 agendum.

1393 3473 2049 3520 cononnxmuu
2122 3453 2212 3518 ΙΙ.

572 3557 880 3641 Sequitur
943 3553 1079 3636 11⁰„
1138 3556 1351 3621 solum
1409 3553 1621 3621 Deum
1670 3574 1813 3621 esse
1855 3575 2115 3621 causam
2161 3555 2445 3621 liberam.
2494 3553 2673 3621 Deus
2719 3557 2890 3621 enim
2938 3556 3116 3622 solus

482 3664 566 3710 ex
634 3647 770 3711 sola
835 3664 973 3710 suae
1038 3650 1290 3710 naturae
1356 3647 1739 3710 necessitate
1797 3646 2020 3711 existit
2081 3648 2230 3726 (per
2287 3643 2483 3726 Prop.
2532 3644 2635 3709 11.
2679 3649 2738 3709 et
2788 3642 3007 3712 coroa.
3055 3645 3116 3710 1.

482 3733 675 3816 Prop.
724 3735 868 3817 14.),
913 3740 976 3799 et
1022 3753 1107 3800 ex
1152 3735 1288 3799 sola
1332 3753 1471 3799 suae
1517 3739 1765 3800 naturae
1811 3735 2191 3800 necessitate
2234 3735 2367 3819 agit
2405 3739 2554 3818 (per
2590 3734 2778 3815 Prop.
2808 3733 3115 3819 praeced).

385 3823 391 3828 ’
483 3825 793 3909 Adeoque
838 3829 862 3904 (
870 3843 988 3905 per
1033 3822 1242 3905 Defin.
1288 3823 1373 3903 7.)
1418 3824 1596 3889 solus
1643 3829 1740 3889 est
1782 3843 1976 3889 causa
2020 3823 2236 3889 libera.
2285 3823 2358 3903 Q.
2399 3822 2482 3888 E.
2527 3822 2611 3888 D.

1565 3957 2038 4004 SOHOLIUM.

572 4039 707 4103 Alii
772 4043 1020 4125 putant,
1080 4037 1291 4104 Deum
1353 4058 1495 4105 esse
1540 4058 1801 4104 causam
1850 4039 2116 4105 liberam
2162 4044 2496 4124 propterea
2542 4039 2715 4123 quod
2765 4043 2995 4123 potest,
3039 4043 3116 4104 ut

482 4132 726 4212 pntant,
797 4127 1064 4210 efficere,
1133 4133 1208 4193 ut
1275 4147 1367 4212 ea,
1437 4147 1587 4213 quae
1648 4147 1733 4193 ex
1793 4130 1848 4211 ej
1859 4149 1934 4194 us
1994 4135 2228 4194 natura
2271 4130 2460 4214 sequi
2505 4129 2811 4211 diximus,
2852 4128 2975 4192 hoc
3018 4135 3115 4194 est

487 4235 637 4300 quae
682 4219 751 4281 in
799 4218 940 4301 ejus
985 4222 1298 4302 potestate
1344 4224 1516 4301 sunt,
1562 4237 1691 4282 non
1739 4218 1913 4301 fiant,
1962 4219 2099 4283 sive
2145 4223 2218 4283 ut
2263 4218 2342 4282 ab
2388 4221 2530 4303 ipso
2576 4236 2706 4282 non
2754 4218 3114 4303 producan-

483 4310 609 4370 tur.
656 4305 780 4372 Sed
824 4307 944 4371 hoc
990 4306 1160 4372 idem
1208 4312 1305 4372 est
1347 4326 1422 4372 ac
1470 4308 1525 4372 si
1575 4307 1879 4390 dicerent,
1925 4307 2097 4392 quod
2144 4305 2323 4372 Deus
2369 4312 2579 4392 potest
2624 4306 2893 4390 efficere,
2934 4311 3006 4371 ut
3029 4326 3114 4373 ex

482 4399 716 4460 natura
760 4396 1069 4481 trianguli
1113 4415 1243 4460 non
1289 4402 1619 4481 sequatur,
1664 4397 1804 4479 ejus
1851 4402 1983 4462 tres
2028 4397 2302 4481 angulos
2352 4396 2636 4481 aequales
2677 4415 2819 4462 esse
2857 4396 3112 4462 duobus

482 4486 707 4566 rectis;
772 4488 911 4550 sive
970 4490 1045 4549 ut
1107 4504 1191 4550 ex
1237 4485 1384 4551 data
1429 4504 1623 4550 causa
1666 4505 1796 4550 non
1843 4491 2152 4570 sequatur
2195 4485 2479 4569 eflectuS,
2528 4485 2702 4569 quod
2748 4490 2845 4551 est
2890 4484 3112 4551 absur-

485 4574 658 4638 dum.
724 4573 925 4639 Porro
991 4573 1160 4638 infra
1227 4573 1472 4659 absque
1534 4593 1654 4658 ope
1713 4575 1909 4658 hujus
1955 4574 2420 4659 Propositionis
2467 4575 2817 4658 ostendam,
2863 4576 2944 4640 ad
2988 4574 3110 4640 Dei

484 4668 779 4728 naturam
839 4682 1054 4748 neque
1097 4664 1492 4729 intellectum
1540 4683 1752 4747 neque
1796 4665 2193 4729 voluntatem
2239 4665 2571 4750 pertinere.
2619 4663 2763 4729 Scio
2811 4664 3110 4748 equidem

483 4754 700 4837 plures
745 4772 905 4836 esse,
951 4754 1066 4837 qui
1110 4757 1338 4839 putant
1383 4772 1453 4819 se
1489 4773 1678 4837 posse
1715 4755 2172 4837 demonstrare,
2210 4754 2289 4818 ad
2314 4752 2437 4819 Dei
2459 4759 2755 4819 naturam
2780 4772 3109 4818 summum

479 4841 873 4908 intellectum
941 4846 1005 4907 et
1071 4842 1336 4909 liberam
1404 4843 1798 4908 voluntatem
1870 4844 2219 4927 pertinere;
2296 4843 2459 4907 nihil
2527 4843 2699 4907 enim
2761 4842 3106 4928 perfectius
