3609 5642
1575 550 1658 595 mr
1700 550 1922 596 mm.
2983 531 3070 594 45

438 718 788 799 constituit,
857 718 994 782 sive
1062 715 1248 782 Mens
1316 716 1600 781 humana
1660 717 1914 783 easdem
1962 717 2326 782 affectiones
2371 717 2638 801 percipit
2684 717 2832 799 (per
2876 715 3071 800 Prop.

441 807 544 870 12.
590 805 839 891 huJus);
899 811 962 872 et
1024 810 1492 890 consequenter
1552 810 1701 891 (per
1744 805 1936 890 Prop.
1984 807 2086 870 16.
2134 805 2349 890 hujus)
2393 807 2608 889 ipsum
2657 803 2903 891 Corpus
2949 807 3069 869 hu·

437 916 720 979 manum,
778 896 976 980 idque
1035 897 1181 979 (per
1225 893 1414 979 Prop.
1464 894 1567 959 17.
1613 894 1829 979 hujus)
1891 901 1964 961 ut
2025 900 2174 961 actu
2236 896 2551 978 existens3
2602 895 2873 979 percipit
2918 913 3069 979 ergo

437 990 701 1051 eatenus
746 990 995 1050 tantum
1043 983 1228 1050 Mens
1275 985 1556 1049 humana
1604 986 1821 1069 ipsum
1866 986 2220 1050 humanum
2271 983 2534 1068 Corpus.
2584 982 2653 1062 Q.
2699 982 2778 1049 Ε.
2822 982 2904 1047 D.

1278 1130 1984 1199 PROPOSITIO
2076 1132 2228 1198 XX.

523 1247 764 1317 Mentis
828 1246 1125 1312 humanoe
1183 1247 1378 1312 datur
1420 1246 1608 1312 etiam
1650 1248 1720 1311 in
1767 1243 1902 1312 Deo
1945 1246 2089 1312 idea
2132 1245 2260 1311 sive
2303 1248 2585 1332 coynitio,
2630 1267 2772 1333 quoe
2815 1247 2887 1312 in
2932 1245 3066 1312 Deo

435 1337 641 1403 eodem
707 1337 881 1402 modo
948 1338 1247 1422 sequitur,
1312 1341 1370 1401 et
1427 1336 1517 1401 ad
1574 1335 1780 1401 Dewm
1822 1336 2027 1402 eodem
2070 1336 2246 1402 modo
2288 1337 2587 1421 refertur,
2634 1358 2710 1402 ac
2754 1337 2897 1402 idea
2941 1337 3069 1402 sive

314 1514 321 1519 ⁴
434 1427 700 1512 coynitio
750 1425 1044 1511 Corporis
1086 1425 1365 1491 humani.

1402 1557 2123 1604 DEMONSTRATIO.

523 1639 833 1724 Cogitatio
903 1639 1282 1704 attributum
1351 1638 1474 1705 Dei
1541 1644 1637 1704 est
1706 1642 1726 1715 (
1741 1658 1857 1722 per
1902 1637 2098 1723 Prop.
2147 1639 2205 1702 1.
2250 1637 2500 1724 hujus„
2566 1562 2855 1724 adeoque
2917 1645 2937 1720 (
2952 1658 3070 1724 per

435 1726 623 1813 Prop.
671 1729 715 1792 3
760 1727 973 1813 hujus)
1039 1734 1172 1793 tam
1242 1730 1383 1812 ejus
1454 1748 1646 1816 quam
1710 1729 2002 1792 omnium
2065 1729 2205 1811 eJus
2254 1728 2681 1812 affectionum,
2730 1735 2792 1795 et
2840 1748 3063 1795 conse-

436 1824 705 1921 quenter
774 1823 921 1902 (per
965 1816 1154 1902 Pr0p.
1204 1817 1305 1881 11.
1351 1815 1561 1901 hujus)
1607 1817 1844 1883 Mentis
1890 1819 2080 1882 etiam
2126 1819 2429 1882 humanae
2476 1818 2662 1883 debet
2709 1821 3066 1884 necessario

434 1908 504 1970 in
565 1905 702 1973 Deo
748 1907 886 1972 dari
930 1907 1090 1972 idea.
1135 1904 1384 1972 Deinde
1431 1908 1570 1971 haec
1617 1907 1853 1972 Mentis
1898 1907 2041 1971 idea
2086 1908 2224 1972 sive
2269 1909 2548 1992 cognitio
2595 1927 2726 1972 non
2774 1910 3068 1992 sequitur

435 1997 503 2058 in
569 1995 707 2061 Deo
768 1997 922 2078 dari,
969 2001 1288 2079 quatenus
1331 1996 1646 2076 infinituS‚
1692 1997 1806 2061 sed
1854 2001 2175 2080 quatenus
2221 1997 2346 2061 alia
2390 1998 2484 2061 rei
2531 1999 2877 2082 singularis
2922 1996 3067 2062 idea

437 2084 699 2150 affectus
745 2091 843 2150 est
887 2090 1033 2169 (per
1078 2084 1274 2170 Prop.
1324 2086 1381 2150 9.
1424 2084 1659 2169 hujus).
1708 2084 1832 2150 Sed
1880 2085 2034 2149 ordo
2080 2091 2145 2150 et
2189 2088 2507 2150 connexio
2554 2087 2844 2152 idearum
2893 2087 3065 2151 idem

437 2182 535 2239 est
579 2195 654 2238 ac
700 2176 856 2239 ordo
903 2181 966 2240 et
1011 2177 1331 2240 connexio
1376 2194 1717 2239 causarum
1766 2178 1916 2258 (per
1958 2173 2153 2259 Prop.
2203 2174 2260 2238 7.
2307 2174 2554 2258 huffen
2597 2177 2891 2260 sequitur
2914 2194 3066 2260 ergo

435 2264 575 2327 haec
642 2263 877 2329 Mentis
937 2264 1082 2329 idea
1142 2265 1280 2329 sive
1325 2265 1604 2348 cognitio
1650 2264 1717 2327 in
1765 2261 1923 2341 Deo,
1966 2269 2029 2329 et
2075 2264 2156 2328 ad
2201 2261 2410 2329 Deum
2462 2264 2683 2330 eodem
2731 2266 2919 2330 modo
2967 2284 3066 2330 re-

438 2351 663 2436 fertur,
708 2372 782 2418 ac
826 2352 971 2418 idea
1014 2354 1153 2418 sive
1198 2355 1478 2437 cognitio
1525 2351 1838 2437 Corporis.
1891 2350 1958 2432 Q.
2006 2351 2083 2416 Ε.
2130 2350 2214 2418 D.

1273 2486 1972 2554 PROPOSITIO
2063 2488 2248 2553 XXI.

523 2602 682 2668 Hoeo
739 2602 982 2668 Mentis
1037 2602 1179 2668 idea
1238 2602 1442 2668 eodem
1486 2602 1662 2667 modo
1706 2601 1892 2667 unita
1936 2606 2027 2667 est
2067 2601 2298 2686 Menti,
2342 2622 2419 2667 ac
2460 2603 2603 2686 ipsa
2647 2602 2840 2668 Mens
2886 2603 3065 2668 unita

433 2697 526 2757 est
580 2692 860 2778 Corpori.

1389 2799 2107 2845 onnonsrnsrro

520 2882 800 2949 Mentem
848 2884 1092 2947 unitam
1141 2901 1283 2948 esse
1330 2881 1595 2966 Corpori
1639 2901 1721 2947 ex
1766 2900 1841 2947 eo
1882 2882 2299 2965 ostendimus,
2338 2882 2510 2966 quod
2549 2883 2792 2948 scilicet
2818 2880 3063 2966 Corpus

433 2970 667 3038 Mentis
715 2975 798 3036 sit
844 2973 1163 3056 obJectum
1211 2970 1371 3052 (vide
1414 2970 1606 3055 Prop.
1653 2970 1756 3034 12.
1802 2975 1862 3035 et
1898 2971 1999 3035 13.
2039 2970 2287 3055 hujus:
2329 2972 2618 3055 adeoque
2655 2991 2768 3056 per
2791 2972 3059 3036 eandem

430 3061 604 3126 illam
651 3063 961 3127 rationem
1008 3061 1152 3126 idea
1195 3060 1431 3126 Mentis
1479 3080 1627 3126 oum
1677 3078 1796 3125 suo
1844 3059 2110 3144 objecto,
2156 3061 2277 3125 hoc
2321 3066 2419 3143 est
2456 3080 2605 3125 cum
2644 3063 2785 3145 ipsa
2823 3059 3056 3144 Mente,

433 3152 654 3217 eodem
700 3151 889 3216 modo
932 3152 1115 3216 unita
1159 3168 1300 3216 esse
1347 3149 1551 3233 debet,
1596 3168 1670 3214 ao
1706 3150 1849 3234 ipsa
1886 3148 2073 3215 Mens
2112 3152 2297 3214 unita
2334 3153 2431 3215 est
2470 3147 2752 3235 Corpori.
2779 3148 2847 3228 Q.
2871 3148 2950 3214 E.
2973 3146 3065 3214 D.

1506 3281 1983 3328 SOHOLIUM.

519 3363 681 3429 Haec
739 3365 1102 3449 Propositio
1161 3365 1352 3449 longe
1413 3365 1651 3429 clarius
1709 3363 2094 3447 intelligitur
2140 3380 2224 3427 ex
2268 3361 2454 3427 dictis
2498 3365 2566 3427 in
2615 3361 2825 3428 Schol.
2872 3363 3060 3447 Prop.

434 3454 489 3517 7.
537 3455 766 3537 hujus;
835 3454 926 3518 ibi
993 3457 1166 3519 enim
1237 3453 1654 3536 ostendimuS,
1723 3451 2021 3537 Corporis
2088 3452 2294 3517 ideam
2357 3457 2421 3517 et
2485 3450 2750 3537 Corpus,
2796 3452 2917 3517 hoo
2963 3457 3061 3517 est

432 3547 580 3626 (per
623 3542 814 3628 Prop.
863 3544 965 3608 13.
1010 3543 1226 3628 hujus)
1286 3541 1568 3608 Mentem
1628 3546 1691 3607 et
1737 3540 2003 3625 Corpus,
2049 3561 2255 3606 unum
2303 3546 2367 3606 et
2411 3541 2582 3606 idem
2630 3560 2771 3607 esse
2815 3541 3060 3605 Indivi-

434 3631 655 3715 duum,
727 3633 901 3718 quod
938 3635 1071 3717 ‚iam
1118 3631 1241 3698 sub
1285 3629 1703 3716 Cogitationis
1743 3632 1877 3714 jam
1926 3630 2047 3696 sub
2094 3629 2513 3695 Extensionis
2557 3631 2862 3696 attributo
2910 3649 3061 3695 con-

432 3722 698 3805 cipitur3
772 3742 971 3806 quare
1031 3720 1268 3787 Mentis
1312 3720 1456 3786 idea
1501 3726 1565 3786 et
1609 3723 1750 3805 ipsa
1795 3718 1981 3785 Mens
2027 3739 2158 3785 una
2205 3719 2557 3805 eademque
2602 3725 2699 3786 est
2743 3739 2867 3800 reS,
2911 3739 3059 3803 quae

431 3810 555 3875 sub
625 3830 755 3875 uno
821 3812 1178 3895 eodemque
1239 3811 1565 3891 attributo,
1626 3828 1859 3893 nempe
1908 3808 2340 3894 Cogitationis,
2386 3811 2760 3894 concipitur.
2806 3808 3059 3892 Mentis,

428 3901 715 3983 inquam,
780 3900 926 3965 idea
970 3906 1033 3966 et
1079 3902 1220 3985 ipsa
1265 3899 1449 3964 Mens
1493 3900 1563 3962 in
1609 3897 1747 3963 Deo
1797 3898 2019 3963 eadem
2068 3899 2446 3963 necessitate
2491 3918 2576 3963 ex
2620 3899 2840 3964 eadem
2888 3901 3058 3982 cogi-

428 3990 610 4053 tandi
667 3992 951 4074 potentia
1011 3993 1375 4073 sequuntur
1439 3989 1594 4053 dari.
1639 3987 1804 4052 Nam
1852 4006 2076 4052 revera
2120 3987 2263 4051 idea
2310 3986 2565 4071 MentiS,
2609 3989 2730 4052 hoc
2776 3993 2872 4053 est
2916 3988 3060 4052 idea

426 4077 609 4161 ideae,
652 4079 815 4142 nihil
860 4078 1034 4144 aliud
1082 4082 1179 4143 est
1225 4097 1420 4160 quam
1464 4077 1669 4142 forma
1714 4075 1897 4158 ideae,
1946 4081 2263 4161 quatenus
2311 4077 2449 4140 haec
2494 4083 2567 4141 ut
2615 4076 2844 4142 modus
2885 4080 3056 4162 cogi-

426 4167 624 4250 tandi,
684 4167 930 4252 absque
989 4167 1300 4232 relatione
1345 4167 1425 4232 ad
1472 4166 1791 4249 objectum
1843 4166 2317 4245 consideratur3
2368 4167 2640 4231 simulac
2689 4168 2863 4231 enim
2910 4168 3058 4249 quis

426 4256 671 4340 aliquid
716 4259 856 4339 scit,
903 4275 976 4322 eo
1020 4258 1161 4341 ipso
1208 4257 1346 4338 scit,
1393 4274 1462 4321 se
1506 4256 1575 4320 id
1623 4257 1806 4336 scire,
1854 4259 1919 4319 et
1965 4255 2161 4321 simul
2199 4257 2339 4338 scit,
2377 4274 2447 4320 se
2486 4257 2667 4339 scire,
2709 4256 2882 4340 quod
2919 4257 3058 4339 scit,

426 4350 489 4410 et
535 4348 630 4411 sio
674 4346 742 4410 in
786 4345 1133 4411 infinitum.
1179 4343 1305 4411 Sed
1351 4345 1430 4410 de
1474 4345 1574 4410 his
1619 4349 1856 4428 postea.

1239 4479 1939 4547 PRO‘POSITIO
2029 4481 2250 4548 XXII.

514 4595 709 4660 Mens
776 4595 1060 4662 humana
1123 4615 1257 4661 non
1322 4600 1565 4661 tantum
1636 4595 1931 4679 Corporis
1990 4596 2371 4681 affectionem,
2432 4594 2540 4661 aad
2598 4595 2785 4660 etiam
2829 4593 3057 4660 harum

425 4686 834 4769 affectionum
879 4685 1054 4752 ideas
1094 4685 1376 4770 percipit.

1385 4818 2104 4864 DnMoNsrRAr1o

516 4901 945 4967 Affectionum
1016 4901 1303 4967 idearum
1370 4901 1532 4966 ideae
1600 4903 1668 4964 in
1739 4899 1876 4966 Deo
1934 4900 2157 4965 eodem
2205 4900 2395 4965 modo
2441 4904 2821 4984 sequuntur,
2866 4903 2928 4963 et
2972 4898 3055 4962 ad
