3609 5642
1417 538 1497 583 nn
1542 539 1873 602 nemersi-E
1915 540 2188 585 mma.
2980 516 3015 578 1
3027 517 3107 579 73

1435 725 2156 770 DEMONSTRATIO.

579 804 909 882 Quatenus
954 802 1136 869 Mens
1181 811 1557 889 praesentem
1607 808 1709 871 sui
1749 806 2041 891 Corporis
2079 806 2484 870 existentiam
2525 805 2819 888 concipit,
2843 810 3105 871 eatenus

491 894 891 959 durationem
954 896 1247 978 concipit,
1311 915 1458 979 quae
1504 900 1787 980 tempore
1832 896 2238 961 determinari
2281 900 2507 978 potest,
2554 899 2616 959 et
2661 898 2924 959 eatenus
2970 901 3106 960 tan·

489 988 627 1047 tum
694 982 1037 1067 potentiam
1105 983 1295 1048 habet
1364 986 1764 1068 concipiendi
1825 1004 1927 1049 res
1990 1004 2136 1048 cum
2199 983 2504 1048 relatione
2550 984 2631 1047 ad
2676 987 2929 1067 tempus
2975 988 3108 1069 (ρον

490 1071 684 1156 Ρνορ.
733 1071 837 1135 21.
884 1071 1074 1157 hujus
1116 1078 1174 1135 et
1217 1072 1406 1153 Ρνορ.
1456 1073 1557 1137 26.
1601 1094 1662 1153 ρ.
1711 1074 1812 1153 2.).
1850 1075 1939 1139 At
1969 1074 2290 1138 aeternitas
2329 1091 2444 1156 per
2483 1072 2880 1137 durationem
2905 1074 3107 1158 expli-

491 1163 621 1225 cari
668 1162 892 1245 nequit
938 1165 1070 1245 (ρον
1114 1159 1327 1244 Defin.
1375 1162 1431 1226 8.
1477 1182 1537 1243 ρ.
1578 1163 1636 1226 1.
1674 1170 1731 1228 et
1770 1163 1965 1243 ipsius
1985 1161 2409 1246 explicationi
2433 1160 2603 1245 Ergo
2628 1160 2813 1225 Mens
2839 1168 3105 1227 eatenus

489 1255 860 1334 potestatem
907 1269 1038 1313 non
1084 1250 1272 1315 habet
1315 1253 1712 1335 concipiendi
1758 1271 1863 1316 res
1910 1251 2031 1317 sub
2080 1253 2290 1335 specie
2313 1253 2747 1330 ⁹aeternitatis;
2797 1252 2907 1315 sed
2957 1254 3108 1336 quia

492 1340 569 1403 de
634 1344 866 1403 natura
931 1338 1220 1404 Rationis
1290 1346 1403 1424 est,
1461 1359 1563 1405 res
1624 1340 1747 1406 sub
1809 1343 2017 1425 specie
2061 1340 2435 1405 aeternitatis
2482 1341 2816 1423 concipere
2865 1340 3002 1425 (ρον
3047 1340 3106 1403 2.

495 1426 712 1493 Οονοῑῑ.
759 1426 954 1512 Ρνορ.
1001 1428 1103 1491 44.
1144 1448 1205 1507 ρ.
1253 1429 1360 1512 2.),
1406 1434 1469 1493 et
1513 1429 1595 1493 ad
1640 1428 1879 1495 Mentis
1922 1434 2212 1493 naturam
2259 1429 2449 1492 etiam
2489 1430 2782 1511 pertinet,
2806 1426 3104 1513 Corporis

492 1520 831 1582 essentiam
900 1517 1021 1582 sub
1090 1519 1299 1601 specie
1368 1520 1739 1583 aeternitatis
1808 1520 2138 1603 concipere
2200 1522 2336 1600 (ρον
2381 1516 2570 1600 Ρνορ.
2616 1516 2720 1581 23.
2767 1516 3001 1600 hujus),
3046 1523 3109 1583 et

490 1612 722 1690 praeter
786 1607 924 1670 haec
993 1606 1120 1671 duo
1180 1607 1342 1670 nihil
1403 1608 1579 1671 aliud
1623 1608 1702 1672 ad
1749 1606 1984 1673 Mentis
2033 1608 2369 1672 essentiam
2418 1608 2691 1689 pertinet
2735 1611 2870 1690 (ρον
2914 1606 3106 1691 Ρνορ.

491 1696 595 1759 13.
636 1715 697 1775 ρ.
746 1694 863 1775 2.);
932 1694 1102 1779 Ergo
1162 1696 1300 1760 haec
1359 1698 1639 1780 potentia
1699 1696 2100 1781 concipiendi
2163 1715 2266 1760 res
2310 1694 2431 1760 sub
2480 1697 2690 1779 specie
2737 1698 3107 1761 aeternitatis

491 1785 569 1848 ad
615 1784 893 1849 Mentem
948 1804 1075 1848 non
1123 1787 1411 1868 pertinet,
1458 1788 1583 1850 nisi
1630 1791 1949 1870 quatenus
1997 1785 2291 1868 Corporis
2339 1786 2679 1848 essentiam
2729 1785 2852 1849 sub
2899 1787 3109 1870 specie

494 1875 862 1938 aeternitatis
909 1875 1196 1957 concipit.
1247 1871 1314 1952 Q.
1363 1873 1439 1938 Ε.
1484 1873 1566 1938 D.

1577 2008 2050 2054 SCHOLIUM.

573 2086 703 2152 Res
764 2087 1017 2153 duobus
1079 2089 1286 2153 modis
1346 2109 1383 2152 a
1428 2089 1613 2154 nobis
1664 2095 1734 2154 ut
1779 2089 2060 2154 actuales
2108 2088 2590 2170 concipiuntur:
2639 2088 2743 2151 vel
2791 2092 3107 2172 quatenus

488 2177 740 2241 easdem
803 2196 948 2241 cum
1012 2177 1316 2242 relatione
1376 2177 1455 2241 ad
1503 2184 1746 2243 certum
1795 2183 2048 2262 tempus
2096 2181 2157 2242 et
2203 2176 2415 2240 locum
2466 2177 2759 2259 existere,
2805 2177 2906 2243 vel
2954 2198 3108 2262 qua·

487 2270 686 2330 tenus
722 2267 896 2349 ipsas
940 2267 1008 2329 in
1054 2264 1191 2331 Deo
1238 2267 1570 2350 contineri,
1617 2272 1679 2332 et
1724 2287 1806 2333 ex
1845 2273 2089 2331 naturae
2130 2267 2362 2329 divinae
2403 2266 2776 2330 necessitate
2800 2269 3108 2350 consequi

489 2356 903 2438 concipimus.
967 2353 1123 2430 Quae
1168 2360 1382 2420 autem
1429 2356 1547 2420 hoc
1594 2356 1878 2421 secundo
1926 2356 2113 2420 modo
2161 2358 2233 2418 ut
2278 2372 2443 2418 verae
2491 2371 2606 2418 seu
2652 2354 2853 2420 reales
2900 2358 3109 2419 conci-

487 2446 772 2527 piuntur,
816 2463 924 2509 eas
970 2443 1092 2508 sub
1137 2445 1505 2509 aeternitatis
1554 2448 1764 2529 specie
1810 2446 2223 2529 concipimus,
2269 2449 2332 2507 et
2370 2461 2589 2507 earum
2627 2443 2786 2507 ideae
2810 2449 3107 2509 aeternam

489 2539 549 2597 et
616 2532 931 2597 infinitam
1000 2530 1120 2598 Dei
1187 2536 1528 2599 essentiam
1595 2536 1955 2617 involvunt,
2014 2540 2086 2598 ut
2149 2532 2595 2616 Propositione
2642 2534 2745 2596 45.
2791 2533 3002 2598 Partis
3049 2535 3109 2597 2.

490 2621 906 2706 ostendimuS,
952 2623 1140 2705 cujus
1185 2624 1373 2687 etiam
1426 2622 1752 2688 Scholium
1800 2624 1962 2689 vide.

1292 2759 1986 2827 PROPOSITIO
2077 2759 2298 2824 XXX.

576 2873 768 2938 Mens
824 2879 1060 2955 nostra,
1112 2879 1425 2959 quatenus
1482 2893 1547 2938 se
1592 2878 1649 2938 at
1698 2873 1940 2960 Corpus
1984 2874 2096 2938 sub
2141 2875 2512 2939 aeternitatis
2555 2873 2752 2958 specie
2796 2873 3111 2957 coquosoit,

487 2967 737 3027 eatenus
795 2960 918 3026 Dei
971 2963 1372 3045 coquitionem
1416 2965 1762 3028 necessario
1806 2963 2006 3046 habet,
2048 2963 2281 3049 scitque
2326 2984 2391 3028 se
2434 2964 2502 3027 in
2548 2962 2682 3028 Deo
2727 2983 2856 3028 esse
2898 2967 2959 3027 ct
2996 2982 3112 3042 ρον

488 3051 693 3117 Deum
737 3051 992 3136 concipi.

1445 3161 2155 3207 nnuossrRArio

576 3243 928 3308 AEternitas
981 3247 1078 3306 est
1121 3243 1261 3325 ipsa
1304 3240 1426 3307 Dei
1472 3245 1767 3323 essentia,
1815 3247 2139 3327 quatenus
2189 3243 2325 3306 haec
2372 3243 2791 3307 necessariam
2838 3241 3113 3305 involvit

491 3334 892 3399 existentiam
942 3336 1078 3415 (ρον
1120 3329 1331 3411 Defin.
1380 3332 1438 3396 8.
1479 3351 1543 3412 ρ.
1593 3331 1693 3410 1.).
1738 3331 1866 3397 Res
1911 3332 2111 3415 igitur
2157 3331 2276 3396 sub
2318 3333 2528 3415 specie
2566 3331 2936 3396 aeternitatis
2963 3350 3110 3394 con·

491 3426 714 3507 cipere,
783 3426 878 3486 est
936 3439 1038 3485 res
1097 3423 1449 3504 concipere,
1499 3426 1817 3505 quatenus
1863 3440 1977 3505 per
2021 3419 2141 3485 Dei
2188 3423 2529 3486 essentiam
2582 3426 2656 3484 ut
2701 3421 2872 3484 entia
2916 3421 3112 3484 realia

490 3512 957 3595 concipiuntur,
1004 3511 1140 3573 sive
1202 3513 1521 3594 quatenus
1566 3528 1680 3594 per
1723 3509 1845 3576 Dei
1891 3512 2231 3575 essentiam
2279 3511 2622 3574 involvunt
2667 3510 3108 3590 existentiam3

489 3602 776 3684 adeoque
845 3597 1028 3663 Mens
1096 3604 1328 3681 nostra,
1391 3603 1709 3683 quatenus
1772 3619 1841 3664 se
1900 3610 1962 3664 et
2023 3598 2269 3683 Corpus
2314 3598 2437 3664 sub
2484 3599 2696 3682 specie
2741 3599 3110 3663 aeternitatis

489 3691 783 3774 concipit,
828 3692 1093 3752 eatenus
1138 3684 1259 3752 Dei
1305 3688 1734 3773 cognitionem
1784 3690 2143 3754 necessario
2183 3687 2389 3771 habet,
2415 3690 2667 3773 scitque
2687 3693 2804 3752 eto.
2833 3686 2901 3766 Q.
2924 3685 3000 3750 E.
3027 3685 3112 3753 D.

1281 3835 1979 3901 PROPOSITIO
2069 3837 2324 3902 XXXI.

576 3951 859 4017 Tertium
904 3948 1267 4033 aequitionis
1305 3970 1498 4032 yenus
1537 3951 1766 4030 pendet
1791 3968 1853 4016 'a
1898 3950 2135 4035 Mente,
2182 3955 2485 4034 tanquam
2522 3971 2566 4015 a
2603 3950 2866 4035 formali
2903 3969 3114 4033 causa,

490 4047 802 4127 quatenus
845 4039 1039 4104 Mens
1082 4038 1220 4119 ipsa
1267 4043 1505 4104 oetarna
1546 4045 1649 4104 est.

1446 4173 2156 4219 DEMONSTRATIO.

577 4254 761 4320 Mens
808 4254 965 4318 nihil
1014 4253 1135 4318 sub
1184 4254 1551 4319 aeternitatis
1599 4256 1806 4339 specie
1847 4257 2141 4339 concipit,
2178 4255 2303 4318 nisi
2345 4258 2664 4337 quatenus
2687 4256 2794 4318 sui
2817 4252 3113 4337 Corporis

491 4346 852 4409 essentiam·
902 4342 1025 4408 sub
1095 4344 1465 4408 aeternitatis
1535 4346 1745 4428 specie
1810 4345 2088 4427 concipit
2147 4346 2281 4427 (ρον
2325 4341 2518 4423 Ρνορ.
2566 4343 2668 4407 29.
2714 4342 2950 4426 hujus),
2993 4341 3113 4404 hoc

492 4439 589 4497 est
657 4435 792 4516 (ρον
837 4430 1028 4516 Ρνορ.
1075 4431 1162 4495 21
1209 4437 1268 4497 οι
1312 4431 1416 4495 23.
1460 4431 1690 4515 hujus),
1758 4434 1885 4497 nisi
1956 4437 2276 4516 quatenus
2338 4435 2572 4496 aeterna
2633 4436 2760 4513 est3
2826 4432 3113 4514 adeoque

489 4524 623 4605 (ρον
666 4521 860 4601 Ρνορ.
906 4519 1148 4603 Proec.),
1215 4526 1533 4606 quatenus
1595 4527 1829 4587 aeterna
1890 4525 2002 4604 est,
2048 4519 2169 4586 Dei
2215 4519 2403 4585 habet
2449 4522 2914 4604 cognitionem3
2966 4538 3111 4603 quae

491 4611 751 4695 quidem
823 4612 1103 4694 cognitio
1173 4617 1269 4675 est
1335 4612 1693 4675 necessario
1762 4610 2094 4694 adaequata
2162 4614 2297 4693 (ρον
2357 4608 2551 4694 Ρνορ.
2600 4609 2703 4673 46.
2733 4629 2802 4690 ρ.
2850 4609 2965 4689 2.);
3039 4627 3113 4671 ac

489 4701 755 4784 proinde
815 4698 1019 4782 Mene,
1081 4706 1398 4783 quatenus
1463 4705 1699 4765 aeterna
1759 4704 1874 4782 est,
1920 4700 2001 4763 ad
2046 4699 2155 4763 illa
2202 4700 2415 4763 omnia
2460 4698 2973 4782 cognoscendum
3019 4700 3113 4760 est

490 4793 655 4873 apta,
703 4808 847 4872 quae
892 4807 975 4853 ex
1022 4788 1166 4852 data
1213 4790 1331 4853 hac
1376 4787 1497 4854 Dei
1544 4789 1904 4874 cognitione
1953 4791 2261 4871 consequi
2306 4794 2576 4872 possunt
2621 4792 2755 4872 (ρον
2789 4785 2983 4866 Ρνορ.
3009 4785 3113 4848 40.

487 4896 550 4961 ρ.
597 4877 701 4961 2.),
768 4878 888 4941 hoc
955 4881 1052 4943 est
1119 4877 1200 4941 ad
1272 4896 1373 4942 res
1433 4880 1619 4943 tertio
1680 4879 2063 4963 cognitionis
2119 4895 2353 4962 genere
2397 4876 2911 4962 cognoscendum
2957 4873 3116 4956 (vida
