3609 5642
455 447 538 511 56
1489 463 1736 510 mons
1780 463 1936 510 rans
1983 464 2046 510 n.

450 634 531 698 ad
577 633 679 697 35.
726 653 875 699 0001
922 633 1062 716 ejus
1107 631 1362 698 Scholio
1409 632 1763 697 clarissime
1811 632 2079 697 ostendi.
2124 631 2227 695 Ex
2275 630 2514 716 quibus
2561 632 2750 697 etiam
2797 636 3075 717 apparet,

452 722 612 808 quid
675 723 884 805 homo,
945 724 1061 805 qui
1106 740 1290 786 veras
1334 720 1525 786 habet
1566 721 1763 804 ideas,
1809 721 2072 804 homini,
2118 722 2232 805 qui
2278 740 2411 786 non
2457 722 2586 786 nisi
2628 720 2822 786 falsas
2869 719 3075 804 habet,

449 813 717 876 intersit.
786 810 972 888 Quod
1031 811 1310 896 denique
1367 810 1670 875 ultimum
1716 812 1962 893 attinet,
2006 829 2256 896 nempe,
2302 811 2625 876 undenam
2671 811 2862 875 homo
2911 811 3076 875 scire

451 905 661 985 potest
706 917 776 966 se
820 899 1051 966 habere
1093 900 1322 983 ideam,
1366 919 1509 985 quae
1554 918 1705 964 cum
1752 919 1872 964 suo
1917 900 2128 965 ideato
2175 902 2550 981 conveniat3
2596 900 2666 965 id
2708 900 2896 965 modo
2920 901 3076 965 satis

452 1008 774 1076 superque
833 989 1098 1071 ostendi,
1147 1008 1231 1055 ex
1275 990 1395 1053 hoc
1440 989 1578 1054 solo
1624 990 1796 1073 oriri,
1843 989 2017 1073 quod
2061 990 2270 1054 ideam
2316 989 2523 1074 habet,
2570 1009 2714 1074 quae
2760 1008 2906 1053 cum
2956 1008 3077 1054 suo

451 1079 660 1144 ideato
700 1081 1018 1161 convenit,
1062 1080 1202 1145 sive
1249 1078 1422 1162 quod
1468 1079 1702 1143 veritas
1749 1078 1854 1143 sui
1898 1079 1983 1143 sit
2026 1098 2265 1144 norma.
2312 1078 2437 1144 His
2474 1078 2654 1162 adde,
2694 1079 2869 1162 quod
2893 1078 3079 1144 Mens

449 1173 687 1248 nostra,
755 1172 1073 1252 quatenus
1141 1187 1245 1233 res
1316 1185 1467 1232 vere
1533 1169 1823 1253 percipit,
1890 1187 2039 1251 pars
2106 1173 2205 1233 est
2263 1168 2500 1232 infiniti
2546 1166 2668 1234 Dei
2710 1167 3079 1234 intellectus

452 1262 602 1342 (per
648 1254 867 1322 Coroll.
913 1255 1107 1337 Prop.
1156 1257 1259 1321 11.
1305 1255 1560 1341 hujus);
1631 1256 1922 1340 adeoque
1991 1261 2121 1321 tam
2189 1276 2454 1323 necesse
2520 1262 2637 1341 est,
2704 1263 2778 1322 οι
2844 1254 3077 1322 Mentis

455 1348 645 1412 clarae
689 1350 752 1412 et
796 1346 1113 1412 distinctae
1156 1347 1320 1413 ideae
1368 1364 1537 1410 verae
1584 1347 1733 1428 sint,
1781 1364 1858 1410 ac
1899 1343 2021 1411 Dei
2065 1346 2246 1411 ideae.

1258 1493 1960 1561 PROPOSITIO
2049 1494 2285 1560 XLIV.

542 1608 644 1674 De
709 1614 954 1675 natwra
1012 1608 1304 1676 Rationis
1359 1629 1485 1676 non
1527 1613 1635 1693 est,
1677 1629 1782 1675 ras
1826 1613 1903 1675 ut
1942 1610 2378 1695 continyentea,
2422 1608 2532 1675 sad
2575 1615 2650 1674 ut
2692 1608 3078 1675 necessarias

453 1697 871 1780 contemplari.

1416 1820 2131 1866 nnnoNsrRAr1o

543 1900 641 1968 De
707 1906 936 1967 natura
1001 1900 1294 1966 Rationis
1361 1906 1477 1986 est,
1536 1919 1641 1966 res
1700 1920 1851 1966 vere
1897 1903 2225 1987 percipere
2267 1904 2417 1985 (per
2452 1900 2651 1985 Prop.
2700 1900 2805 1963 41.
2846 1899 3083 1983 hujus),

454 2009 683 2077 nempe
730 1992 879 2075 (per
923 1989 1047 2055 Ax.
1095 1991 1153 2056 6.
1195 2010 1256 2075 p.
1306 1991 1387 2075 1.)
1434 1996 1507 2057 ut
1550 1992 1619 2055 in
1667 2009 1738 2056 30
1784 1995 1957 2075 sunt,
2000 1992 2124 2056 hoc
2169 1994 2267 2056 est
2309 1996 2463 2075 (par
2508 1989 2703 2075 Prop.
2750 1991 2854 2054 29.
2897 2008 2959 2073 p.
2997 1987 3082 2067 1.)

451 2101 587 2145 non
635 2084 708 2146 ut
752 2081 1215 2166 contingentes,
1259 2080 1371 2146 sed
1417 2085 1493 2146 ut
1537 2081 1950 2146 necessarias.
1993 2079 2061 2160 Q.
2108 2079 2184 2146 E.
2233 2078 2314 2144 D.

1385 2213 2033 2260 conoLLARIUM
2120 2193 2171 2258 L

547 2291 723 2358 Hinc
768 2295 1082 2379 sequitur,
1125 2315 1164 2359 a
1210 2295 1345 2360 sola
1391 2296 1848 2381 imaginatione
1893 2294 2187 2379 pendere,
2233 2294 2407 2378 quod
2452 2313 2575 2377 ree,
2620 2297 2749 2358 tam
2790 2295 3087 2376 respectu

464 2384 772 2467 praeteriti
817 2403 1014 2468 quam
1059 2383 1283 2469 futuri,
1329 2391 1404 2450 ut
1448 2386 1890 2470 contingentes
1936 2385 2461 2468 contemplemur.

1535 2517 2009 2563 SOHOLIUM.

546 2595 688 2674 Qua
754 2601 969 2661 autem
1037 2599 1284 2664 ratione
1351 2598 1472 2664 hoc
1538 2599 1668 2681 fiat,
1728 2599 1954 2683 paucis
2016 2597 2367 2683 explicabo.
2429 2595 2846 2661 Ostendimus
2892 2613 3089 2678 supra
3189 2608 3197 2614 ·

456 2685 677 2772 (Prop.
723 2684 826 2750 17.
871 2683 1064 2770 hujus
1103 2705 1242 2750 cum
1291 2689 1430 2772 ejus
1475 2686 1739 2770 Corollq)
1785 2687 2086 2792 Mentem,
2132 2687 2429 2771 quamvis
2474 2704 2579 2751 res
2616 2705 2749 2749 non
2790 2685 3090 2766 existant,

458 2795 568 2841 eas
633 2781 846 2841 tamen
907 2793 1158 2858 semper
1203 2781 1276 2842 ut
1320 2776 1444 2842 sibi
1489 2782 1840 2861 praesentes
1885 2778 2244 2860 imaginari,
2288 2778 2417 2841 nisi
2466 2794 2678 2840 030330
2726 2777 3091 2854 occurrant,

460 2883 607 2949 quae
652 2882 872 2929 earum
920 2870 1301 2970 praesentem
1348 2867 1757 2931 existentiam
1803 2866 2156 2932 secludant.
2201 2864 2451 2931 Deinde
2490 2863 2706 2948 (Prop.
2749 2863 2852 2927 18.
2876 2860 3087 2946 hujus)

458 2953 875 3034 ostendimuS,
946 2954 1137 3037 quod,
1206 2956 1262 3019 si
1331 2954 1577 3040 Corpus
1644 2956 2002 3020 humanum
2066 2956 2264 3020 semel
2325 2975 2364 3020 a
2409 2953 2665 3019 duobus
2712 2951 3087 3035 corporibus

460 3044 746 3108 externis
807 3043 1003 3107 simul
1048 3042 1346 3109 affectum
1392 3044 1534 3128 fuit,
1581 3043 1693 3109 ubi
1737 3043 1924 3110 Mens
1970 3050 2191 3129 postea
2237 3062 2458 3109 eorum
2505 3043 2885 3108 alterutrum
2930 3043 3090 3105 ima-

460 3131 806 3216 ginabitur,
873 3132 1087 3196 statim
1155 3137 1220 3197 et
1265 3134 1527 3199 alterius
1573 3132 2034 3217 recordabitur,
2079 3134 2202 3198 hoc
2247 3140 2361 3216 est,
2406 3131 2593 3197 ambo
2638 3136 2713 3196 ut
2758 3129 2884 3215 sibi
2928 3148 3090 3215 prae-

463 3222 669 3286 sentia
736 3220 1288 3306 contemplabitur,
1355 3224 1484 3288 nisi
1550 3242 1765 3288 causae
1832 3228 2192 3306 occurrant,
2239 3242 2388 3307 quae
2434 3241 2658 3287 eorum
2704 3225 3088 3306 praesentem

462 3311 864 3376 existentiam
913 3310 1265 3376 secludant.
1310 3311 1629 3378 Praeterea
1678 3331 1867 3378 nemo
1913 3311 2183 3395 dubitat,
2222 3314 2380 3396 quin
2420 3312 2610 3376 etiam
2651 3314 2908 3393 tempus
2929 3311 3087 3372 ima-

462 3400 776 3484 ginemur,
843 3417 1073 3484 nempe
1131 3417 1216 3464 ex
1275 3418 1369 3483 eo,
1432 3401 1607 3505 quod
1664 3421 1929 3505 corpora
1971 3402 2098 3466 alia
2141 3402 2284 3466 aliis
2334 3401 2601 3483 tardius,
2644 3400 2747 3464 vel
2794 3398 3087 3480 celerius,

466 3489 568 3553 vel
635 3506 820 3592 aeque
878 3489 1166 3554 celeriter
1224 3490 1467 3555 moveri
1504 3492 1947 3576 imaginemur.
1993 3490 2321 3555 Ponamus
2366 3493 2585 3574 itaque
2631 3507 2927 3572 puerum,
2972 3487 3088 3571 qui

465 3577 603 3642 heri
660 3579 868 3661 prima
911 3578 1052 3643 vice
1094 3577 1253 3643 hora
1299 3581 1614 3645 matutina
1660 3580 1892 3645 viderit
1935 3579 2222 3661 Petrum,
2264 3579 2614 3644 meridiana
2657 3580 2873 3642 autem
2919 3575 3089 3640 Pau-

463 3667 621 3748 lum,
680 3672 743 3732 et
805 3668 1165 3750 vespertina
1226 3665 1608 3751 Simeonem,
1651 3673 1847 3754 atque
1892 3668 2082 3735 hodie
2124 3670 2361 3734 iterum
2409 3669 2723 3734 matutina
2767 3667 2925 3730 hora
2967 3664 3088 3730 Pe-

464 3760 654 3820 trum.
700 3754 805 3819 Ex
851 3754 1291 3840 Propositione
1338 3757 1439 3821 18.
1486 3759 1681 3841 hujus
1727 3762 1917 3843 patet,
1964 3758 2138 3843 quod
2176 3758 2447 3822 simulac
2470 3759 2850 3822 matutinam
2873 3755 3086 3819 lucem

466 3845 659 3926 videt,
701 3844 876 3908 illico
937 3846 1137 3910 solem
1181 3846 1448 3911 eandem
1495 3847 1662 3930 coeli,
1709 3867 1906 3931 quam
1953 3849 2056 3913 die
2101 3847 2504 3931 praecedenti,
2548 3847 2798 3928 viderit,
2841 3849 3086 3928 partem

464 3937 960 4018 percurrentem,
1029 3935 1166 3999 sive
1234 3935 1403 4000 diem
1470 3937 1811 4021 integrum,
1880 3940 1942 4002 et
2002 3937 2200 4002 simul
2246 3956 2394 4001 cum
2441 3942 2726 4021 tempore
2771 3934 3086 3998 matutino

467 4023 753 4105 Petrum,
797 4041 945 4087 cum
1009 4022 1358 4089 meridiano
1406 4029 1618 4089 autem
1667 4024 1965 4108 Paulum,
2010 4030 2073 4091 et
2119 4044 2269 4090 cum
2316 4028 2678 4110 vespertino
2725 4021 3085 4088 Simeonem

467 4110 942 4196 imaginabitur,
990 4112 1110 4176 hoc
1155 4119 1268 4195 est,
1315 4113 1503 4178 Pauli
1551 4118 1614 4178 et
1660 4112 1977 4179 Simeonis
2022 4116 2429 4180 existentiam
2477 4134 2624 4178 cum
2664 4113 2971 4177 relatione
3007 4111 3090 4174 ad

467 4201 757 4265 futurum
806 4206 1060 4284 tempus
1105 4202 1595 4285 imaginabitur;
1645 4208 1708 4268 et
1752 4208 1990 4286 contra,
2036 4206 2092 4268 si
2131 4205 2287 4268 hora
2325 4206 2688 4288 vespertina
2725 4201 3086 4266 Simeonem

469 4289 701 4370 videat,
761 4288 1037 4354 Paulum
1083 4296 1146 4355 et
1190 4290 1456 4356 Petrum
1503 4291 1585 4356 ad
1630 4296 1884 4377 tempus
1930 4295 2326 4376 praeteritum
2372 4291 2617 4374 referet,
2662 4291 2919 4357 eosdem
2967 4291 3087 4354 sci-

469 4380 619 4444 licet
663 4379 859 4442 simul
906 4398 1055 4443 cum
1100 4384 1384 4464 tempore
1429 4383 1769 4465 praeterito
1796 4382 2239 4466 imaginando,
2224 4405 2238 4418 ·
2287 4387 2479 4466 atque
2517 4382 2655 4445 haec
2693 4399 2768 4445 eo
2792 4383 3087 4443 constan-

469 4470 619 4548 tius,
689 4486 816 4550 quo
885 4469 1123 4551 saepius
1193 4488 1302 4534 eos
1372 4471 1594 4535 eodem
1664 4471 1784 4534 hoc
1844 4471 2067 4536 ordine
2116 4472 2360 4536 viderit.
2409 4469 2595 4546 Quod
2642 4472 2698 4534 si
2743 4467 3088 4552 aliquando

472 4557 814 4641 contingat,
861 4562 934 4621 ut
978 4558 1101 4621 alia
1147 4559 1421 4642 quadam
1467 4577 1734 4644 vespera
1776 4560 1917 4624 loco
1963 4559 2279 4625 Simeonis
2323 4559 2368 4624 J
2368 4559 2640 4625 acobum
2681 4559 2912 4640 videat,
2949 4562 3087 4621 tum

473 4647 772 4729 sequenti
825 4665 1009 4711 mane
1055 4666 1203 4711 cum
1250 4652 1533 4733 tempore
1579 4651 1940 4733 vespertino
1979 4652 2112 4732 jam
2158 4648 2543 4732 Simeonem,
2577 4651 2711 4732 Jam
2754 4648 2800 4713 J
2801 4646 3090 4729 acobum,

472 4753 606 4799 non
677 4753 824 4799 vero
891 4733 1113 4801 ambos
1181 4738 1379 4802 simul
1443 4739 1916 4823 imaginabitur.
1978 4738 2143 4803 Nam
2203 4740 2581 4805 alterutrum
2641 4741 2913 4820 tantum,
2957 4754 3090 4800 non

465 4827 686 4911 ‚autem
749 4823 971 4890 ambos
1017 4825 1213 4891 simul
1257 4830 1541 4912 tempore
1588 4830 1949 4913 vespertino
1995 4829 2236 4896 vidisse
2277 4830 2676 4914 supponitur.
2721 4824 3090 4892 Fluctuabi-
