3609 5642
556 520 593 581 2
1604 536 1854 582 minens
1899 538 2053 582 rans
2097 537 2136 581 1.

552 708 1013 789 proptereaque
1059 719 1170 785 per
1215 701 1616 766 durationem
1662 706 1774 765 aut
1819 707 2072 785 tempus
2118 702 2425 786 explicari
2472 721 2602 766 non
2649 706 2875 786 potest,
2920 705 3173 768 tametsi

556 794 807 858 duratio
853 792 1168 876 principio
1213 797 1275 856 et
1318 790 1448 856 fine
1493 808 1706 856 carere
1752 792 2164 875 concipiatur.

1545 926 2178 993 AXIOMATA.

643 1043 693 1107 I.
736 1041 984 1124 Omnia,
1030 1061 1179 1126 quae
1225 1047 1393 1124 sunt,
1441 1044 1542 1108 vel
1586 1044 1655 1106 in
1702 1061 1771 1107 se
1819 1043 1944 1107 velz
1963 1045 2032 1105 in
2077 1043 2203 1106 alio
2251 1047 2421 1106 sunt.

643 1132 728 1196 II.
771 1132 867 1214 Id,
913 1131 1087 1216 quod
1131 1150 1246 1216 per
1289 1132 1466 1196 aliud
1511 1151 1642 1196 non
1688 1137 1896 1216 potest
1941 1133 2209 1216 concipi,
2253 1150 2368 1214 per
2412 1151 2481 1196 se
2526 1133 2777 1215 concipi
2824 1131 3026 1196 debet.

644 1221 761 1285 ΙΠ.
806 1220 910 1284 Ex
957 1220 1101 1285 data
1146 1240 1340 1285 causa
1379 1221 1795 1287 determinata
1832 1223 2190 1286 necessario
2231 1222 2526 1304 sequitur
2547 1220 2828 1303 effectus,
2852 1227 2915 1285 et
2937 1225 3174 1302 contra,

560 1312 616 1375 si
659 1311 840 1374 nulla
886 1310 1072 1374 detur
1117 1309 1532 1375 determinata
1576 1330 1788 1390 causa,
1836 1310 2232 1394 impossibile
2277 1317 2391 1391 est,
2439 1315 2512 1374 ut
2549 1309 2810 1374 effectus
2848 1316 3173 1394 sequatur.

645 1399 759 1464 IV.
802 1398 1086 1464 Effectus
1132 1401 1408 1484 cognitio
1446 1421 1484 1464 a
1524 1401 1888 1484 cognitione
1912 1419 2125 1464 causae
2152 1399 2481 1483 dependet,
2506 1403 2570 1464 et
2592 1399 2856 1464 eandem
2882 1400 3173 1464 involvit.

645 1488 726 1552 V.
773 1487 934 1564 Quae
979 1489 1143 1552 nihil
1187 1508 1528 1554 commune
1574 1508 1722 1553 oum
1769 1508 1839 1554 se
1883 1491 2160 1553 invicem
2212 1488 2464 1571 habent,
2508 1490 2699 1552 etiam
2744 1507 2859 1572 per
2905 1507 2974 1553 se
3009 1490 3174 1552 invi-

559 1597 696 1643 cem
761 1577 1036 1662 intelligi
1095 1597 1226 1642 non
1286 1586 1575 1662 possunt,
1633 1580 1770 1643 sive
1831 1582 2177 1661 conceptus
2240 1578 2436 1642 unius
2484 1577 2748 1642 alterius
2794 1583 3173 1662 conceptum

557 1687 690 1732 non
733 1667 1022 1731 involvit.

644 1755 757 1820 VI.
800 1756 955 1820 Idea
1000 1773 1151 1820 vera
1196 1754 1381 1820 debet
1427 1775 1577 1819 cum
1629 1774 1746 1820 suo
1790 1756 1999 1821 ideato
2046 1756 2405 1820 convenire.

646 1843 792 1909 VH.
861 1843 1184 1928 Quicquid
1252 1849 1324 1908 ut
1390 1864 1521 1908 non
1588 1847 1873 1910 existens
1934 1849 2144 1929 potest
2204 1845 2471 1928 concipi,
2530 1844 2671 1926 ejus
2720 1845 2997 1909 essentia
3043 1862 3175 1907 non

559 1935 832 1999 involvit
877 1934 1300 2000 existentiam.

1455 2019 2153 2087 PROPOSITIO
2245 2022 2294 2086 I.

647 2134 1022 2203 Substantia
1059 2135 1237 2216 prior
1280 2139 1372 2200 est
1415 2137 1652 2200 natura
1693 2136 1832 2200 suis
1875 2135 2324 2235 affectionibus.

1519 2268 2219 2314 nnnoNsrRAr1o

646 2356 820 2437 patet
869 2371 952 2418 ex
997 2349 1383 2432 Definitione
1428 2351 1488 2415 3.
1531 2357 1589 2416 et
1635 2352 1694 2415 5.

1435 2485 2135 2552 PROPOSITIO
2225 2486 2312 2550 H.

647 2600 813 2667 Duoe
893 2602 1273 2686 wbStantiae,
1353 2600 1602 2667 diversa
1680 2601 1988 2666 attributa
2059 2599 2368 2685 habente-³,
2432 2599 2593 2664 nihil
2657 2600 2825 2665 inter
2891 2620 2954 2666 se
3020 2619 3179 2666 com-

556 2711 746 2757 mune
788 2691 1028 2758 habent.

1523 2798 2225 2844 nunonsrnnr1o

644 2887 816 2966 patet
885 2885 1074 2948 etiam
1122 2901 1205 2947 ex
1244 2879 1452 2963 Deffln.
1501 2881 1559 2945 3.
1609 2881 2034 2964 Unaquaeque
2079 2881 2249 2945 enim
2296 2882 2365 2943 in
2413 2899 2482 2944 se
2527 2878 2713 2944 debet
2759 2899 2919 2962 esse,
2963 2884 3027 2943 et
3069 2898 3182 2963 per

558 2989 627 3036 se
673 2971 861 3037 debet
906 2973 1173 3055 concipi,
1221 2973 1359 3036 sive
1404 2975 1751 3055 conceptus
1790 2971 1988 3034 unius
2026 2974 2403 3054 conceptum
2447 2970 2710 3034 alterius
2733 2989 2867 3033 non
2889 2969 3178 3037 involvit.

1418 3105 2119 3173 PROPOSITIO
2210 3106 2328 3171 111.

650 3222 804 3304 Quae
867 3243 972 3288 res
1033 3222 1193 3287 nihil
1248 3242 1562 3288 commune
1618 3222 1786 3286 inter
1843 3241 1907 3285 se
1949 3219 2194 3305 habent,
2239 3240 2458 3286 aarum
2500 3240 2638 3285 una
2681 3220 2946 3286 alterius
2988 3238 3183 3285 causa

557 3332 687 3378 esse
729 3332 857 3378 non
891 3317 1111 3396 potest.

1512 3418 2226 3465 nunonsrnnr1o

644 3502 713 3568 Si
757 3503 920 3566 nihil
966 3520 1307 3567 commune
1352 3521 1501 3566 cum
1549 3521 1619 3566 se
1662 3503 1940 3565 invicem
1988 3500 2241 3581 habent,
2279 3519 2429 3584 ergo
2470 3502 2618 3582 (per
2652 3498 2897 3564 Axiom.
2941 3499 3022 3580 5.)
3062 3517 3181 3563 nec

554 3611 667 3677 per
712 3611 782 3658 se
823 3593 1098 3656 invicem
1145 3596 1418 3675 possunt
1461 3590 1754 3674 intelligi,
1801 3589 2090 3674 adeoque
2137 3594 2284 3674 (per
2328 3589 2576 3654 Axiom.
2624 3588 2707 3670 4.)
2749 3609 2879 3653 una
2917 3589 3181 3653 alterius

553 3701 749 3747 causa
796 3699 936 3747 esse
982 3700 1112 3760 non
1159 3685 1382 3765 potest.
1436 3679 1505 3761 Q.
1552 3679 1632 3744 Ε.
1686 3676 1770 3742 D.

1413 3813 2116 3880 PROPOSITIO
2207 3815 2320 3879 IV.

641 3928 809 3996 Duae
851 3936 963 3996 aut
1002 3930 1215 4012 plures
1259 3950 1361 3995 res
1404 3929 1731 4011 distinctae,
1775 3929 1869 3993 vel
1914 3930 2081 3993 inter
2118 3949 2183 3993 se
2221 3927 2698 4013 distinyuuntur
2732 3949 2809 3992 ex
2829 3928 3183 3994 diversitate

551 4020 996 4086 attributorum
1041 4019 1558 4102 substantiarum,
1598 4018 1693 4084 vel
1740 4038 1818 4082 ex
1863 4017 2219 4083 diversitate
2266 4017 2605 4083 earundem
2649 4038 2690 4083 a
2694 4019 3069 4101 ffectionum.

1497 4151 2231 4196 DEMONSTRATIO.

641 4233 891 4318 Omnia,
952 4253 1100 4318 quae
1162 4241 1334 4315 sunt,
1397 4234 1499 4299 vel
1558 4235 1627 4296 in
1675 4253 1746 4298 se
1794 4233 1898 4298 vel
1942 4234 2010 4296 in
2058 4233 2182 4297 alio
2229 4238 2382 4297 sunt
2429 4237 2577 4316 (per
2622 4231 2868 4299 Atticm
2916 4233 3016 4316 1.)‚
3061 4233 3182 4296 hoc

553 4328 650 4388 est
713 4327 860 4408 (per
925 4322 1135 4405 Defin.
1202 4324 1261 4387 3.
1320 4329 1379 4388 et
1440 4323 1540 4405 5.),
1599 4332 1784 4388 extra
1847 4322 2241 4386 intellectum
2308 4322 2472 4385 nihil
2517 4323 2707 4386 datur
2751 4328 2985 4406 praeter
3029 4321 3179 4388 sub-

550 4416 816 4478 stantias
883 4432 1235 4496 earumque
1263 4411 1308 4492 1)
1369 4411 1751 4477 affectiones.
1816 4411 1996 4475 Nihil
2057 4430 2208 4495 ergo
2271 4417 2458 4475 extra
2520 4412 2914 4477 intellectum
2977 4412 3183 4494 datur,

549 4520 663 4586 per
730 4502 901 4586 quod
968 4503 1185 4586 plures
1252 4521 1356 4566 res
1423 4502 1735 4585 distingui
1800 4502 1971 4564 inter
2032 4519 2101 4565 se
2145 4507 2441 4584 possunt,
2486 4507 2723 4584 praeter
2769 4501 3183 4583 substantiaS,

550 4594 688 4656 sive
734 4592 908 4675 quod
951 4592 1121 4657 idem
1168 4598 1266 4656 est
1305 4593 1453 4675 (per
1498 4588 1706 4670 Defin.
1732 4587 1781 4670 2)
1831 4589 1932 4672 4.),
1982 4609 2201 4655 earum
2241 4591 2566 4673 attributa,
2605 4609 2960 4675 earumque
2997 4591 3181 4656 affec-

549 4682 773 4745 tiones.
827 4680 898 4762 Q.
944 4680 1021 4746 Ε.
1069 4678 1153 4746 D.

613 4840 669 4908 1)
704 4841 853 4892 Vox-s·
889 4840 1033 4906 Belg.
1068 4867 1135 4878 —
1167 4840 1260 4891 Ed.
1298 4840 1588 4903 Princeps:
1622 4839 1861 4906 ejusque.

613 4907 669 4977 2)
706 4907 964 4975 Schmidt,
1001 4907 1245 4976 Sigwart,
1278 4906 1547 4958 Camerer.
1577 4935 1645 4944 —
1678 4906 1771 4958 Ed.
1805 4906 1923 4958 Pr.:
1970 4904 2189 4960 Axiom.
