3609 5642
492 472 619 537 118
1513 488 1763 535 mons
1805 489 1962 535 uns
2005 489 2092 534 lv.

1437 675 2155 722 DEMONSTBATIQ

574 759 881 839 Affectus,
928 762 1248 842 quatenus
1291 757 1373 822 ad
1418 755 1698 822 Mentem
1744 756 2036 839 refertur,
2081 760 2180 821 est
2213 757 2375 840 idea,
2414 776 2544 841 qua
2579 755 2764 821 Mens
2804 757 3105 839 majorem

490 849 595 912 vel
662 850 974 911 minorem
1043 848 1147 911 sui
1207 848 1489 930 corporis
1550 846 1869 911 existendi
1932 847 2082 928 vim,
2146 865 2341 930 quam
2401 851 2607 928 antea,
2652 844 2926 910 affirmat
2975 845 3113 928 (per

482 936 836 1022 qmalem
900 935 1270 1021 Affectuum
1335 932 1793 1018 Definitionem,
1860 954 2005 1016 quoe
2070 936 2387 1019 reperitur
2453 934 2569 1000 sub
2631 934 2820 1015 finem
2878 933 3111 999 Tertioe

486 1026 749 1109 Partis).
819 1022 981 1089 Cum
1044 1026 1244 1109 igitur
1299 1021 1486 1089 Mens
1531 1024 1749 1108 aliquo
1794 1023 2026 1089 affectu
2072 1023 2495 1107 conflictatur,
2542 1023 2789 1107 Corpus
2834 1022 3113 1086 afficitur

488 1115 683 1180 simul
728 1113 1077 1197 affectione,
1124 1133 1254 1198 qua
1296 1115 1435 1195 ejus
1480 1113 1712 1198 agendi
1756 1115 2043 1197 potentia
2087 1117 2364 1197 augetur
2406 1114 2510 1178 vel
2552 1114 2884 1177 minuitur.
2906 1111 3110 1177 Porro

488 1205 631 1270 haec
699 1201 997 1286 Corporis
1062 1202 1310 1268 affectio
1376 1205 1513 1286 (per
1572 1202 1770 1287 Prop.
1820 1202 1877 1265 5.
1921 1200 2140 1283 huius)
2202 1204 2334 1266 vim
2396 1222 2434 1265 a
2481 1222 2601 1268 sua
2644 1220 2840 1267 causa
2882 1202 3111 1283 accipit

488 1291 940 1376 perseverandi
1006 1293 1075 1355 in
1137 1309 1258 1356 suo
1318 1309 1493 1371 esse;
1544 1310 1693 1375 quae
1737 1291 2006 1376 proinde
2051 1310 2172 1357 nec
2215 1293 2491 1355 coerceri
2536 1309 2657 1355 nec
2702 1291 2839 1355 tolli
2885 1294 3113 1373 potest,

487 1383 615 1446 nisi
675 1401 714 1445 a
774 1399 968 1445 causa
1026 1398 1328 1465 corporea
1373 1380 1511 1463 (per
1551 1378 1749 1465 Prop.
1797 1380 1856 1443 6.
1897 1398 1959 1463 p.
2006 1379 2114 1463 2.),
2160 1399 2307 1464 quae
2355 1380 2603 1465 Corpus
2648 1379 2883 1443 afficiat
2926 1378 3109 1444 affec-

487 1471 662 1554 tione
704 1469 801 1532 illi
848 1470 1167 1533 contraria
1210 1471 1346 1552 (per
1387 1467 1583 1554 Prop.
1631 1470 1689 1534 5.
1732 1488 1795 1553 p.
1844 1468 1928 1549 3.)
1973 1475 2036 1533 et
2079 1468 2340 1533 fortiore
2374 1472 2509 1553 (per
2544 1469 2820 1533 Amioma
2856 1466 3107 1550 hujus);

490 1563 683 1644 atque
728 1558 886 1624 adeo
929 1564 1068 1642 (per
1109 1556 1307 1642 Prop.
1352 1558 1455 1621 12.
1498 1579 1559 1643 p.
1608 1557 1695 1637 2.)
1741 1556 1925 1623 Mens
1970 1557 2284 1623 afficietur
2322 1559 2466 1623 idea
2503 1558 2855 1624 affectionis
2892 1557 3111 1621 fortio-

486 1651 594 1730 ris,
640 1653 702 1713 et
762 1648 1098 1712 contrariae
1144 1648 1361 1731 priori,
1404 1647 1525 1712 hoc
1569 1654 1669 1713 est
1717 1648 1857 1731 (per
1896 1645 2169 1729 ymeral.
2213 1647 2580 1732 ,affectuum
2622 1645 2879 1729 Defin.),
2924 1644 3110 1711 Mens

488 1738 802 1804 afficietur
846 1736 1078 1802 affectu
1121 1736 1369 1801 fortiori
1412 1742 1475 1801 et
1520 1738 1838 1801 contrario
1874 1738 2092 1819 priori,
2132 1738 2245 1820 qui
2284 1737 2527 1803 scilicet
2563 1737 2796 1821 prioris
2834 1736 3111 1801 existen-

488 1828 642 1892 tiam
711 1825 1000 1891 secludet
1067 1825 1169 1889 vel
1238 1824 1451 1906 tollet3
1524 1844 1599 1889 ac
1665 1825 1937 1909 proinde
1997 1824 2262 1890 affectus
2323 1845 2443 1890 nec
2487 1826 2625 1889 tolli
2669 1844 2791 1891 nec
2836 1826 3112 1890 coerceri

488 1920 714 2001 potest,
757 1916 886 1979 nisi
932 1933 1047 2000 per
1090 1914 1385 1980 affectum
1432 1916 1824 1979 contrarium
1870 1919 1933 1979 et
1975 1913 2320 1980 fortiorem.
2371 1913 2440 1994 Q.
2486 1913 2563 1978 E.
2608 1912 2692 1978 D.

1473 2048 2138 2094 OOROLLARIUL

571 2129 878 2212 Affectus,
924 2130 1243 2212 quatenus
1288 2129 1368 2193 ad
1414 2127 1696 2194 Mentem
1742 2128 2036 2212 refertur,
2082 2148 2200 2193 nec
2245 2131 2521 2194 coerceri
2560 2148 2679 2194 nec
2716 2128 2853 2193 tolli
2889 2130 3115 2211 potest,

493 2218 621 2282 nisi
690 2236 805 2302 per
871 2218 1079 2283 ideam
1149 2216 1448 2301 Corporis
1509 2218 1861 2283 affectionis
1919 2220 2277 2298 contrariae,
2331 2224 2394 2283 et
2438 2219 2721 2283 fortioris
2767 2218 3116 2291 affectione,

493 2327 622 2391 qua
666 2309 960 2391 patimur.
1006 2305 1175 2372 Nam
1220 2307 1503 2391 affectus,
1551 2327 1679 2392 quo
1728 2308 2026 2393 patimur,
2070 2325 2192 2373 nec
2236 2310 2512 2373 coerceri
2557 2327 2678 2373 nec
2714 2308 2849 2371 tolli
2889 2311 3116 2389 potest,

490 2397 618 2460 nisi
662 2414 776 2479 per
821 2396 1115 2461 affectum
1165 2397 1386 2461 eodem
1430 2395 1754 2461 fortiorem
1804 2399 1995 2481 eique
2040 2398 2427 2462 contrarium
2471 2400 2605 2481 (per
2643 2395 2838 2481 Prop.
2881 2397 3116 2481 proca),

487 2486 607 2548 hoc
673 2489 772 2550 est
830 2488 964 2569 (per
1019 2504 1222 2569 ρεπεν.
1268 2484 1487 2564 Affect.
1533 2483 1786 2569 Delia),
1830 2486 1960 2551 nisi
2004 2504 2120 2570 per
2162 2486 2373 2551 ideam
2420 2484 2717 2571 Corporis
2763 2486 3115 2557 affectionis

484 2573 762 2640 fortioris
810 2579 872 2640 et
916 2575 1253 2639 contrariae
1300 2574 1639 2658 affectioni,
1686 2594 1817 2659 qua
1859 2576 2155 2659 patimur.

1319 2709 2017 2777 PROPOSITIO
2109 2710 2290 2776 VIII.

578 2822 855 2906 Coqnitio
897 2821 1043 2888 boni
1085 2827 1145 2887 et
1187 2823 1344 2888 mali
1385 2822 1549 2888 nihil
1591 2822 1777 2889 aliud
1817 2831 1925 2907 cst,
1961 2844 2150 2909 quam
2186 2824 2458 2889 Loetitioe
2491 2824 2587 2889 vel
2607 2822 2916 2889 Tristitioe
2937 2823 3118 2902 affec-

488 2918 607 2996 tae,
650 2915 966 2994 quatenus
1007 2914 1150 2993 ejus
1193 2932 1418 2978 sumus
1460 2914 1708 2979 conscii.

1439 3045 2167 3091 DEMONSTRATIQ

575 3124 653 3189 Id
714 3125 953 3188 bonum
999 3130 1111 3189 aut
1157 3127 1398 3191 malum
1447 3146 1771 3210 vocamus,
1819 3127 1992 3212 quod
2038 3132 2257 3193 nostro
2305 3146 2447 3193 esse
2494 3128 2931 3192 conservando
2977 3146 3120 3210 pro-

491 3214 631 3280 dest
675 3213 777 3280 vel
825 3213 1005 3278 obest
1051 3217 1185 3298 (per
1228 3214 1442 3299 Defin.
1490 3216 1550 3280 1.
1596 3221 1654 3281 et
1698 3216 1760 3281 2.
1806 3214 2047 3300 hujus),
2093 3216 2214 3281 hoc
2259 3221 2356 3281 est
2402 3220 2536 3300 (per
2579 3214 2773 3300 Prop.
2822 3216 2880 3280 7.
2917 3236 2978 3300 p.
3020 3215 3121 3298 3.),

491 3304 664 3388 quod
733 3309 1016 3383 nostram
1087 3304 1320 3388 agendi
1383 3308 1729 3388 potentiam
1795 3310 1990 3391 auget
2039 3306 2139 3371 vel
2188 3307 2438 3389 minuit,
2474 3306 2660 3389 Juvat
2706 3305 2811 3369 vel
2855 3309 3119 3369 coercet.

492 3391 827 3469 Quatenus
892 3396 1114 3476 itaque
1183 3397 1318 3478 (per
1379 3392 1588 3476 Defin.
1634 3394 1907 3459 Loetitioe
1965 3398 2024 3459 et
2069 3395 2376 3460 Tristitioe
2419 3414 2584 3481 quas
2625 3392 2763 3459 vide
2807 3395 2874 3458 in
2921 3392 3118 3459 Schol.

490 3481 686 3567 Prop.
726 3481 828 3546 11.
862 3502 924 3566 p.
960 3481 1043 3562 3.)
1089 3501 1225 3548 rem
1272 3483 1554 3568 aliquam
1604 3504 1724 3549 nos
1769 3483 2024 3549 Laetitia
2070 3486 2175 3550 vel
2221 3485 2505 3549 Tristitia
2551 3482 2804 3549 afficere
2849 3485 3120 3568 percipi-

490 3591 655 3655 mus,
722 3572 988 3638 eandem
1058 3569 1293 3637 bonam
1354 3579 1467 3638 aut
1529 3574 1757 3638 malam
1826 3592 2163 3653 vocamus3
2210 3580 2406 3658 atque
2451 3573 2608 3637 adeo
2657 3571 2812 3636 boni
2857 3578 2921 3637 et
2966 3572 3121 3636 mali

490 3661 767 3745 cognitio
812 3662 974 3725 nihil
1017 3660 1193 3725 aliud
1240 3666 1354 3743 est,
1400 3683 1595 3746 quam
1643 3661 1917 3726 Laetitiae
1965 3663 2067 3728 vel
2108 3662 2411 3727 Tristitiae
2460 3664 2621 3743 idea,
2668 3680 2818 3745 quae
2857 3680 2939 3726 ex
2977 3664 3119 3745 ipso

489 3748 760 3814 Laetitiae
808 3752 909 3814 vel
953 3750 1258 3815 Tristitiae
1306 3751 1536 3816 affectu
1584 3753 1946 3817 necessario
1993 3752 2290 3835 sequitur
2333 3754 2483 3831 (per
2520 3750 2710 3831 Prop.
2756 3750 2862 3814 22.
2906 3771 2968 3831 p.
3016 3751 3118 3828 2.).

492 3839 581 3903 At
641 3841 780 3903 haec
838 3840 983 3904 idea
1043 3839 1266 3904 eodem
1315 3841 1502 3905 modo
1549 3842 1731 3906 unita
1777 3846 1875 3905 est
1921 3840 2196 3922 affectui,
2242 3860 2315 3905 ac
2361 3839 2547 3905 Mens
2596 3841 2780 3904 unita
2826 3846 2924 3905 est
2971 3838 3117 3903 Cor-

493 3929 635 4012 pori
693 3933 843 4007 (per
886 3928 1079 4007 Prop.
1128 3927 1232 3993 21.
1269 3949 1338 4014 p.
1384 3929 1503 4007 2.);
1553 3930 1675 3993 hoc
1722 3935 1821 3996 est
1866 3935 1962 4009 (ut
2007 3931 2079 3994 in
2126 3928 2319 3995 Schol.
2363 3930 2642 4012 ejusdem
2686 3927 2877 4010 Prop.
2920 3932 3119 3993 osten-

493 4021 674 4099 sum),
736 4017 876 4081 haec
921 4018 1065 4083 idea
1108 4017 1188 4081 ab
1234 4019 1373 4101 ipso
1420 4018 1672 4102 affectu,
1717 4020 1856 4083 sive
1901 4022 2048 4103 (per
2096 4018 2252 4085 Gen.
2301 4017 2520 4099 Affect.
2566 4016 2808 4099 Defin.)
2854 4018 2933 4082 ab
2982 4018 3122 4082 idea

496 4104 789 4189 Corporis
847 4106 1215 4189 affectioniS,
1275 4125 1496 4171 revera
1556 4126 1688 4172 non
1735 4108 2171 4192 distinguitur,
2217 4109 2345 4172 nisi
2391 4109 2526 4173 solo
2571 4112 2917 4191 conceptu3
2969 4126 3119 4190 ergo

496 4194 634 4257 haec
678 4196 955 4279 cognitio
1001 4196 1155 4261 boni
1201 4200 1263 4260 et
1310 4196 1460 4260 mali
1507 4196 1666 4260 nihil
1715 4202 1812 4262 est
1857 4197 2050 4280 aliud,
2098 4217 2290 4282 quam
2330 4199 2469 4281 ipse
2492 4196 2774 4280 affectus,
2797 4201 3118 4280 quatenus

497 4282 782 4366 ejusdem
831 4303 1058 4350 sumus
1104 4286 1359 4350 conscii.
1409 4283 1478 4364 Q.
1522 4284 1601 4349 Ε.
1647 4283 1732 4351 D.

1354 4419 2054 4487 PROPOSITIO
2145 4421 2263 4487 IX.

586 4532 899 4617 AffectuS,
941 4536 1129 4618 cujus
1171 4554 1427 4601 causam
1479 4533 1543 4599 in
1585 4533 1884 4617 prce-senti
1926 4533 2103 4600 nobis
2147 4534 2364 4601 adesse
2406 4536 2852 4619 imayinamwr,
2891 4536 3122 4620 fortior

498 4626 605 4706 est,
650 4641 841 4707 quam
883 4623 941 4687 si
984 4624 1239 4689 eandem
1284 4643 1410 4689 non
1453 4624 1669 4688 adesse
1712 4623 2227 4708 imaqinaremur.

589 4824 969 4910 Imaginatio
1015 4830 1110 4892 est
1155 4827 1317 4912 idea,
1362 4756 1509 4911 qut?
1532 4756 2012 4892 IdlgsssNrSemRuI
2024 4757 2432 4912 Tplrgesentem
2470 4828 2936 4912 contemplatur
2964 4826 3126 4911 (vide
