3609 5642
528 520 657 583 124
1553 536 1800 581 mmcns
1845 536 2000 581 rans
2043 536 2130 580 IV.

1348 700 2046 768 PROPOSITIO
2136 700 2321 765 XIX.

612 818 695 882 ld
751 817 1173 904 unusquisque
1228 837 1305 881 ex
1348 815 1581 901 leyibus
1625 836 1758 880 suoe
1802 819 2055 879 naturae
2096 813 2439 880 necessario
2482 812 2717 893 appetit
2762 811 2855 877 vel
2898 832 3148 875 aversa-

525 915 647 983 tur,
691 907 859 994 quod
903 908 1131 972 bonum
1171 906 1266 970 vel
1307 905 1544 970 malum
1586 925 1713 969 esse
1746 904 2017 988 judicat.

1486 1037 2200 1083 DEIONSTRATIQ

614 1121 784 1184 Boni
851 1125 912 1184 et
981 1118 1135 1182 mali
1201 1119 1477 1202 cognitio
1546 1124 1645 1185 est
1702 1120 1838 1202 (per
1884 1116 2078 1202 Prop.
2129 1118 2187 1182 8.
2234 1116 2453 1201 huius)
2509 1117 2650 1200 ipse
2710 1113 2983 1177 Laetitiae
3046 1112 3149 1177 vel

524 1210 825 1275 Tristitiae
894 1208 1175 1290 affectus,
1244 1213 1566 1292 quatenus
1626 1207 1915 1291 ejusdem
1976 1226 2203 1272 sumus
2267 1207 2540 1286 conscii3
2588 1223 2662 1269 ac
2705 1202 2973 1288 proinde
3017 1206 3151 1285 (per

525 1298 721 1383 Prop.
767 1298 870 1362 28.
914 1318 975 1382 p.
1023 1297 1103 1378 3.)
1160 1296 1228 1360 id
1290 1298 1744 1381 unusquisque
1806 1298 2165 1362 necessario
2227 1298 2484 1380 appetit,
2545 1293 2718 1378 quod
2781 1291 3041 1372 bonum,
3087 1296 3151 1355 et

527 1397 748 1453 contra
792 1386 860 1451 id
902 1387 1296 1468 adversatur,
1343 1385 1516 1470 quod
1562 1386 1803 1450 malum
1849 1404 1990 1451 esse
2022 1385 2285 1468 judicat.
2326 1383 2450 1449 Sed
2488 1384 2593 1447 hic
2630 1383 2949 1466 appetitus
2987 1380 3149 1443 nihil

528 1478 704 1542 aliud
772 1482 886 1559 est,
955 1496 1149 1560 quam
1217 1478 1357 1559 ipsa
1415 1476 1696 1540 hominis
1758 1477 2035 1540 essentia
2082 1493 2196 1539 seu
2242 1478 2472 1538 natura
2521 1473 2657 1556 (per
2701 1468 2916 1552 Defin.
2967 1469 3149 1553 App„

526 1586 720 1648 quam
762 1565 900 1630 vide
944 1566 1011 1628 in
1059 1561 1252 1631 Schol.
1299 1563 1491 1648 Prop.
1533 1565 1590 1627 9.
1630 1584 1693 1649 p.
1734 1565 1815 1648 3.‚
1852 1568 1912 1628 et
1949 1564 2007 1627 1.
2043 1562 2196 1647 ΔΤΥ.
2221 1560 2479 1646 Defin.).
2503 1560 2672 1645 Ergo
2698 1560 3152 1643 unusquisque

528 1675 611 1720 ex
680 1656 844 1807 soli}
897 1674 1035 1719 suae
1081 1661 1332 1719 naturae
1379 1652 1632 1739 legibus
1678 1654 1744 1717 id
1790 1655 2151 1720 necessario
2199 1654 2438 1737 appetit
2484 1651 2587 1715 vel
2633 1654 2987 1731 aversatur,
3035 1653 3152 1714 etc.

1366 1852 2068 1920 PROPOSITIO
2158 1852 2312 1918 XX.
2400 1888 2404 1893 ·

621 1970 753 2051 Quo
818 1969 1016 2052 maqis
1077 1970 1506 2056 unusquisque
1548 1988 1731 2035 suum
1774 1968 1929 2035 utile
1973 1988 2268 2055 quaerere,
2314 1966 2425 2032 hoc
2469 1970 2560 2031 est
2601 1985 2788 2030 suum
2831 1981 2961 2028 esse
3005 1982 3153 2027 con-

528 2080 796 2136 servare,
862 2063 1129 2125 conatur
1195 2066 1251 2123 et
1310 2063 1529 2141 potest,
1594 2079 1663 2124 eo
1727 2060 1929 2141 mayis
1994 2061 2226 2124 virtute
2275 2056 2587 2138 praeditus
2644 2059 2735 2120 est
2747 2075 2770 2133 ,·
2817 2060 2875 2118 et
2917 2059 3155 2135 eontra,

529 2154 843 2236 quatenus
887 2148 1310 2235 unusquisque
1354 2168 1539 2214 suum
1584 2147 1750 2226 utile,
1794 2148 1904 2214 hoc
1946 2153 2037 2213 est
2082 2167 2267 2212 suum
2304 2167 2449 2224 esse,
2485 2163 2853 2210 conservare
2887 2140 3156 2225 neyliffi

530 2243 784 2305 eatenus
827 2243 920 2304 est
964 2239 1281 2319 impotens.

1491 2370 2205 2417 DEMONSTRATIQ

620 2453 849 2519 Virtus
894 2459 958 2520 et
1000 2454 1141 2538 ipsa
1185 2454 1468 2518 humana
1512 2455 1813 2537 potentia,
1859 2472 2008 2537 quae
2056 2453 2191 2517 sola
2233 2451 2512 2515 hominis
2550 2450 2828 2515 essentia
2852 2446 3157 2512 definitur

535 2547 671 2628 (per
714 2541 923 2624 Defin.
972 2543 1030 2607 8.
1078 2541 1316 2626 hujus),
1377 2544 1499 2606 hoc
1559 2548 1658 2607 est
1718 2548 1854 2626 (per
1896 2541 2088 2625 Prop.
2139 2540 2198 2605 7.
2241 2561 2304 2626 p.
2353 2540 2435 2615 3.)
2497 2558 2644 2623 quae
2707 2538 2842 2603 solo
2902 2540 3157 2619 conatu,

535 2652 664 2717 quo
713 2634 900 2696 homo
945 2634 1015 2695 in
1062 2650 1183 2697 suo
1230 2650 1372 2697 esse
1418 2649 1823 2716 perseverare
1869 2637 2155 2713 conatur,
2201 2629 2520 2695 definitur.
2569 2627 2710 2705 Quo
2756 2646 2908 2710 ergo
2953 2645 3156 2690 unus-

535 2723 814 2806 quisque
860 2722 1064 2805 magis
1112 2740 1304 2785 suum
1352 2740 1494 2785 esse
1538 2738 1918 2786 conservare
1961 2726 2232 2784 conatur
2274 2724 2339 2783 et
2384 2722 2609 2803 potest,
2655 2735 2730 2781 eo
2779 2715 2980 2799 magis
3026 2716 3156 2777 vir-

533 2816 670 2875 tute
714 2810 1026 2894 praeditus
1072 2818 1186 2893 est,
1232 2813 1296 2875 et
1341 2814 1810 2895 consequenter
1853 2814 1991 2894 (per
2033 2806 2229 2892 Prop.
2276 2808 2335 2871 4.
2382 2814 2441 2872 et
2488 2806 2546 2869 6.
2591 2824 2654 2890 p.
2694 2805 2797 2887 3.),
2835 2808 3158 2887 quatenus

534 2900 769 2984 aliquis
814 2918 1005 2965 suum
1054 2918 1194 2964 esse
1240 2918 1619 2963 conservare
1664 2899 1949 2983 negligit,
1995 2902 2261 2963 eatenus
2306 2902 2403 2962 est
2449 2896 2784 2979 impotens.
2835 2893 2903 2974 Q.
2951 2892 3027 2957 Ε.
3073 2890 3164 2957 D.

1609 3031 2081 3078 SOHOLIUm

620 3112 682 3177 N
684 3132 825 3178 emo
871 3115 1086 3198 igitur,
1130 3114 1257 3179 nisi
1302 3135 1340 3179 a
1385 3114 1598 3179 causis
1643 3115 1928 3179 externis
1975 3116 2037 3177 et
2084 3130 2222 3177 suae
2261 3114 2512 3174 naturae
2550 3107 2885 3173 contrariis
2925 3108 3159 3189 victus,

533 3222 726 3267 suum
773 3204 930 3268 utile
976 3208 1288 3288 appetere,
1327 3205 1464 3269 sive
1500 3222 1693 3268 suum
1731 3221 1873 3268 esse
1895 3219 2289 3282 conservare,
2314 3199 2594 3285 negligit.
2618 3197 2844 3279 Nemo,
2869 3197 3160 3280 inquam,

534 3311 618 3356 ex
685 3294 1061 3358 necessitate
1128 3312 1266 3358 suae
1333 3298 1601 3375 naturae,
1664 3292 1774 3357 sed
1837 3312 1874 3356 a
1935 3292 2148 3355 causis
2194 3291 2477 3355 externis
2524 3292 2802 3369 coactuS,
2852 3287 3161 3350 alimenta

533 3388 883 3465 aversatur,
949 3382 1055 3447 vel
1125 3402 1194 3447 se
1262 3383 1476 3465 ipsum
1543 3381 1863 3464 interficit,
1931 3380 2105 3464 quod
2176 3379 2395 3444 multis
2459 3378 2663 3442 modis
2725 3376 2863 3441 fieri
2911 3379 3153 3459 potest;

534 3491 764 3555 nempe
822 3470 1122 3537 interficit
1181 3472 1415 3554 aliquis
1465 3490 1533 3537 se
1576 3473 1792 3555 ipsum
1839 3477 2100 3535 coactus
2145 3468 2224 3534 ab
2270 3468 2414 3550 alio,
2463 3469 2577 3551 qui
2622 3468 2761 3549 ejus
2810 3464 3164 3546 dexteram,

538 3581 667 3644 qua
734 3580 953 3625 ensem
1024 3579 1177 3625 casu
1246 3561 1682 3645 prehenderat,
1744 3563 2144 3643 contorquet,
2189 3561 2252 3623 et
2298 3558 2469 3640 cogit
2513 3575 2740 3621 versus
2787 3573 2899 3618 cor
2942 3555 3161 3637 ipsum

537 3649 822 3734 gladium
889 3650 1193 3734 dirigere;
1266 3650 1367 3715 vel
1431 3649 1602 3734 quod
1651 3668 1736 3713 ex
1782 3648 2080 3713 mandato
2123 3646 2427 3729 Tyranni,
2475 3650 2547 3709 ut
2591 3644 2850 3726 Seneca,
2896 3648 3164 3726 cogatur

538 3758 736 3804 venas
802 3740 1047 3822 aperire
1108 3757 1277 3822 suas,
1337 3740 1455 3802 hoc
1511 3743 1625 3821 est,
1672 3739 1881 3821 majus
1930 3737 2171 3801 malum
2217 3737 2465 3800 minore
2511 3736 2714 3798 vitare
2759 3734 3009 3817 cupiat3
3060 3731 3163 3797 vel

538 3828 814 3912 denique
874 3847 958 3892 ex
1017 3846 1114 3909 eo,
1174 3828 1347 3911 quod
1410 3847 1622 3893 causae
1668 3828 1936 3892 latentes
1983 3831 2269 3892 externae
2316 3825 2457 3906 ejus
2503 3824 3027 3907 imaginationem
3073 3823 3163 3885 ita

540 3917 907 4001 disponunt,
969 3921 1030 3981 et
1084 3914 1331 4000 Corpus
1374 3918 1463 3981 ita
1509 3916 1817 3998 afficiunt,
1863 3920 1934 3980 ut
1979 3915 2045 3979 id
2090 3915 2281 3978 aliam
2327 3919 2626 3977 naturam
2673 3912 2868 3996 priori
2916 3915 3165 3975 contra-

538 4009 699 4071 riam
746 4007 993 4088 induat,
1040 4012 1102 4069 et
1148 4007 1336 4088 cujtls
1380 4005 1524 4070 idea
1568 4008 1636 4069 in
1683 4004 1899 4070 Mente
1944 4003 2083 4069 dari
2128 4003 2353 4086 nequit
2399 4004 2532 4086 (per
2576 3999 2771 4085 Prop.
2819 3999 2922 4064 10.
2957 4020 3019 4084 p.
3059 4000 3163 4080 3.).

540 4096 629 4159 At
699 4096 872 4179 quod
941 4096 1132 4158 homo
1192 4113 1276 4159 ex
1334 4097 1712 4159 necessitate
1751 4113 1890 4159 suae
1936 4098 2186 4157 naturae
2233 4096 2503 4156 conetur
2545 4110 2675 4154 non
2721 4091 3016 4171 existere,
3061 4088 3165 4152 vel

540 4186 611 4247 in
678 4185 867 4249 aliam
932 4183 1201 4248 formam
1264 4184 1517 4265 mutari,
1576 4188 1706 4248 tam
1765 4188 1865 4249 est
1908 4180 2323 4266 impossibile,
2368 4200 2561 4265 quam
2611 4178 2785 4263 quod
2830 4197 2914 4243 ex
2964 4178 3164 4241 nihilo

543 4273 788 4356 aliquid
833 4272 960 4357 fiat,
1010 4278 1078 4338 ut
1125 4275 1579 4357 unusquisque
1625 4272 1930 4336 mediocri
1974 4271 2386 4336 meditatione
2433 4270 2648 4335 videre
2695 4272 2918 4353 potest.

1366 4419 2064 4487 PROPOSITIO
2156 4419 2342 4484 XXI.

631 4535 827 4601 Nemo
888 4542 1084 4617 potest
1149 4559 1369 4622 cupere
1434 4538 1678 4602 beatum
1708 4534 1752 4617 1)
1813 4556 1959 4619 esse,
2019 4535 2166 4600 bene
2224 4554 2424 4617 ayere,
2484 4537 2543 4597 et
2600 4532 2748 4597 bene
2794 4531 3010 4613 vivere,
3057 4530 3172 4616 qui

543 4626 732 4692 simul
774 4646 905 4692 non
949 4626 1161 4711 cupiat
1202 4648 1351 4711 esse,
1394 4647 1596 4712 aqere,
1641 4630 1701 4691 et
1744 4626 1959 4710 vivere,
2001 4624 2111 4692 hoc
2153 4630 2260 4708 est,
2304 4630 2451 4688 actu
2497 4622 2772 4689 exsistere.

486 4897 488 4899 ’
610 4896 669 4963 1)
702 4897 952 4950 Gfrorer:
985 4896 1187 4950 beatus.
