3609 5642
1428 516 1510 561 nn
1553 515 1884 562 brennum
1925 516 2200 564 nomn.
3003 497 3127 562 167

511 686 746 765 (neque
790 681 959 745 enim
1007 681 1289 746 difficilia
1334 686 1509 761 sunt)
1555 686 1618 748 et
1663 681 2002 765 exercebit,
2049 701 2153 746 nae
2198 682 2307 749 ille
2353 682 2530 748 brevi
2574 686 2878 768 temporis
2923 686 3130 768 spatio

512 772 793 834 actiones
841 790 994 835 suas
1040 790 1122 836 ex
1166 770 1458 836 Rationis
1505 772 1774 855 imperio
1819 772 2202 856 plerumque
2247 773 2519 857 dirigere
2563 775 2808 857 poterit.

1372 918 2069 985 PROPOSITIO
2160 920 2278 985 XI.

609 1031 738 1111 Quo
804 1032 1003 1116 imayo
1070 1032 1289 1120 aliqua
1354 1034 1442 1099 ad
1503 1033 1720 1113 plures
1781 1053 1887 1098 res
1951 1032 2247 1117 refertur,
2313 1053 2380 1099 eo
2439 1034 2831 1120 frequentior
2873 1039 2981 1118 est,
3024 1054 3134 1100 seu

513 1122 744 1201 soepius
787 1122 964 1206 vi9et,
1008 1127 1067 1187 et
1109 1122 1389 1188 Mentem
1430 1124 1632 1205 mayis
1672 1128 1945 1203 occupat.

1474 1255 2181 1300 nnnonsrnnr1u

603 1333 745 1411 Quo
812 1338 984 1401 enim
1051 1339 1262 1420 imago
1332 1355 1448 1401 seu
1517 1336 1781 1401 affectus
1849 1337 1928 1400 ad
1997 1336 2215 1420 plures
2285 1355 2388 1401 res
2455 1335 2746 1419 refertur,
2792 1356 2865 1402 eo
2912 1337 3132 1421 plures

514 1425 748 1488 dantur
815 1444 1048 1508 causae,
1116 1445 1154 1489 a
1222 1425 1460 1508 quibus
1531 1427 1800 1491 excitari
1847 1431 1910 1491 et
1953 1425 2156 1490 foveri
2200 1430 2423 1510 potest,
2471 1445 2633 1509 quas
2678 1444 2901 1491 omnes
2948 1424 3132 1490 Mens

514 1518 646 1597 (per
689 1512 1078 1597 hypothesin)
1128 1532 1210 1578 ex
1258 1516 1396 1597 ipso
1442 1513 1673 1579 affectu
1716 1515 1914 1578 simul
1960 1514 2460 1598 contemplatur;
2509 1519 2702 1598 atque
2746 1515 2903 1579 adeo
2949 1514 3134 1579 affec-

514 1611 618 1667 tus
687 1621 762 1667 eo
827 1603 1224 1688 frequentior
1291 1607 1404 1686 est,
1474 1622 1590 1667 seu
1657 1605 1899 1687 saepius
1969 1605 2158 1688 viget,
2227 1608 2290 1668 et
2357 1606 2492 1687 (per
2551 1601 2745 1688 Prop.
2810 1604 2869 1668 8.
2915 1603 3130 1685 hujus)

516 1689 791 1757 Mentem
841 1695 1043 1777 magis
1093 1697 1378 1777 occupat.
1429 1690 1497 1770 Q.
1542 1691 1622 1756 E.
1669 1690 1753 1755 D.

1342 1837 2038 1906 PROPOSITIO
2127 1839 2280 1906 XII.

602 1952 843 2019 Rerum
909 1954 1213 2037 imaqines
1279 1952 1538 2037 facilius
1602 1952 1996 2036 imayinibus,
2059 1972 2200 2039 quoe
2264 1952 2352 2018 ad
2392 1973 2492 2018 res
2533 1953 2926 2038 referuntwr,
2971 1974 3134 2040 quas
3263 1979 3268 1983 ·

515 2041 681 2108 clare
724 2049 783 2108 et
825 2042 1112 2109 distincte
1154 2042 1569 2126 intelligimus,
1608 2043 1987 2125 junyuntur,
2029 2063 2219 2128 quam
2262 2042 2427 2107 aliis.

1469 2175 2186 2221 DEMONSTRATIO.

601 2254 747 2338 Res,
832 2276 995 2341 quas
1064 2257 1232 2322 clare
1301 2261 1364 2321 et
1431 2257 1730 2322 distincte
1795 2256 2235 2341 intelligimus,
2303 2257 2407 2322 vel
2474 2275 2688 2322 rerum
2759 2276 3134 2323 communes

513 2347 930 2429 proprietates
1000 2351 1173 2425 sunt,
1240 2347 1345 2411 vel
1392 2365 1539 2429 quae
1587 2364 1670 2411 ex
1713 2346 1795 2410 iis
1843 2346 2254 2411 deducuntur
2296 2345 2454 2426 (vide
2496 2344 2791 2411 Rationis
2834 2345 3018 2429 defin.
3064 2347 3137 2411 in

514 2434 573 2497 2.
619 2432 813 2499 Schol.
860 2433 1054 2515 Prop.
1102 2433 1206 2498 40.
1249 2453 1310 2514 p.
1353 2434 1455 2516 2.),
1500 2439 1563 2499 et
1608 2440 2075 2518 consequenter
2119 2435 2352 2519 saepius
2397 2439 2532 2519 (per
2576 2433 2770 2515 Prop.
2806 2440 3020 2516 proec.)
3062 2438 3134 2499 in

513 2522 700 2589 nobis
746 2525 1143 2603 excitantur3
1192 2523 1481 2608 adeoque
1523 2522 1782 2587 facilius
1827 2522 1965 2588 fieri
2011 2528 2235 2607 potest,
2281 2529 2355 2588 ut
2400 2542 2501 2588 res
2546 2524 2705 2589 alias
2751 2524 2947 2589 simul
2983 2544 3131 2589 cum

514 2613 632 2695 his,
702 2632 897 2696 quam
965 2631 1113 2676 cum
1183 2613 1326 2677 aliis
1388 2611 1914 2697 contemplemur,
1971 2620 2035 2677 et
2094 2618 2561 2696 consequenter
2603 2617 2742 2696 (per
2787 2611 2980 2694 Prop.
3030 2614 3132 2686 18.

502 2723 572 2787 p.
618 2701 722 2785 2.),
771 2706 843 2766 ut
886 2701 1137 2766 facilius
1184 2720 1333 2766 cum
1380 2702 1484 2765 his
1532 2720 1726 2785 quam
1775 2720 1922 2766 cum
1969 2701 2112 2767 aliis
2151 2703 2526 2785 jungantur.
2577 2698 2644 2781 Q.
2690 2699 2767 2767 Ε.
2814 2700 2896 2765 D.

1335 2848 2038 2917 PROPOSITIO
2129 2850 2314 2916 XIII.

610 2965 742 3045 Quo
783 2965 983 3049 imayo
1026 2964 1243 3051 aliqua
1288 2964 1579 3046 pluribus
1621 2964 1766 3029 aliis
1802 2967 2031 3047 juncta
2075 2971 2184 3047 est,
2226 2964 2454 3051 soepiua
2495 2967 2668 3049 τήρει.

1475 3099 2188 3145 οΕΜοΝετΒΑΤῙα

600 3178 784 3262 Nam,
830 3200 959 3267 quo
1002 3185 1214 3265 imago
1258 3180 1477 3264 aliqua
1520 3179 1821 3265 pluribus
1866 3181 2010 3245 aliis
2049 3182 2275 3263 juncta
2322 3186 2436 3263 est,
2482 3199 2556 3245 eo
2603 3183 2740 3264 (per
2783 3179 2980 3260 Prop.
3025 3181 3130 3245 18.

509 3289 572 3349 p.
617 3270 704 3348 2.)
749 3270 970 3355 plures
1017 3289 1230 3335 causae
1276 3270 1531 3353 dantur,
1574 3289 1612 3333 a
1658 3269 1901 3353 quibus
1945 3270 2212 3335 excitari
2259 3274 2483 3354 potest.
2535 3267 2604 3350 Q.
2645 3267 2721 3334 Ε.
2767 3267 2850 3332 D.

1338 3416 2036 3485 PROPOSITIO
2125 3416 2307 3482 XIV.

605 3534 797 3598 Mem
838 3533 1092 3619 efficere
1126 3539 1345 3615 potest,
1386 3538 1460 3597 ut
1501 3552 1707 3598 omnes
1756 3530 2052 3613 Corporis
2095 3531 2462 3615 affectione-3,
2505 3551 2614 3597 seu
2656 3550 2869 3596 rerum
2914 3531 3134 3614 imayi-

516 3642 643 3706 nes,
689 3623 778 3687 ad
821 3621 946 3689 Dei
990 3623 1193 3688 ideam
1234 3623 1624 3708 referantur.

1466 3753 2178 3800 nnnonsrnnrla

606 3837 801 3902 Nulla
852 3842 950 3903 est
996 3837 1292 3922 Corporis
1338 3836 1604 3918 affecti0,
1650 3837 1837 3918 cujus
1883 3836 2144 3919 aliquod
2189 3836 2431 3899 clarum
2476 3838 2539 3899 et
2583 3834 2954 3898 distinctum
3004 3852 3133 3896 non

522 3929 723 4011 possit
768 3927 951 3993 Mens
996 3927 1270 3991 formare
1315 3930 1694 4009 conceptum
1741 3927 1876 4008 (per
1922 3924 2108 4005 Prop.
2157 3924 2216 3988 4.
2264 3923 2516 4008 hujus);
2564 3923 2851 4008 adeoque
2891 3921 3139 3987 efficere

519 4022 727 4100 potest
769 4021 907 4100 (per
951 4015 1141 4100 Prop.
1188 4016 1290 4079 15.
1324 4036 1393 4100 p.
1441 4015 1549 4098 1.),
1594 4020 1667 4078 ut
1712 4032 1934 4078 omnes
1979 4013 2061 4077 ad
2084 4011 2205 4078 Dei
2230 4013 2436 4078 ideam
2459 4011 2831 4077 referantur.
2860 4010 2928 4092 Q.
2953 4008 3028 4075 E.
3052 4010 3137 4076 D.

1358 4161 2055 4228 PROPOSITIO
2144 4161 2292 4226 XV.

614 4278 736 4358 Qui
799 4299 863 4343 se
920 4298 1187 4361 suosque
1246 4277 1530 4362 affectus
1588 4275 1757 4342 clare
1816 4280 1876 4341 et
1917 4275 2204 4341 distincte
2247 4272 2550 4357 intelliyit,
2597 4272 2805 4339 Deum
2848 4279 3037 4356 amat,
3079 4277 3139 4338 et

450 4363 455 4368 ’
521 4388 588 4433 eo
633 4367 848 4452 mayis,
894 4387 1016 4453 quo
1059 4388 1122 4433 se
1166 4387 1437 4453 suosque
1480 4366 1762 4450 affectus
1804 4366 2009 4449 maqis
2051 4363 2359 4449 intelliyit.

1476 4497 2190 4544 nnnonsrnnr1a

614 4580 740 4658 Qui
810 4601 879 4647 se
946 4601 1230 4668 suosque
1300 4581 1564 4645 affectus
1633 4581 1800 4644 clare
1868 4583 1931 4644 et
1990 4579 2287 4643 distincte
2347 4576 2665 4660 intelligit,
2709 4576 2963 4638 laetatur
3004 4579 3140 4657 (per

528 4671 721 4751 Prop.
768 4671 870 4736 53.
909 4690 971 4750 p.
1020 4671 1122 4753 3.),
1189 4671 1387 4754 idque
1455 4670 1922 4734 concomitante
1986 4668 2132 4732 idea
2197 4664 2318 4731 Dei
2386 4670 2522 4749 (per
2582 4664 2771 4748 Prop.
2817 4662 3134 4744 proeeed.);

532 4766 725 4846 atque
770 4760 928 4825 adeo
975 4763 1106 4843 (per
1153 4761 1210 4823 6.
1256 4758 1499 4842 Affect.
1542 4755 1779 4839 Defin.)
1824 4754 2035 4821 Deum
2072 4760 2259 4838 amat,
2294 4758 2358 4820 et
2379 4757 2513 4839 (per
2534 4752 2793 4819 eandem
2812 4752 3138 4835 rationem)

530 4869 604 4915 eo
653 4852 875 4934 magis,
922 4868 1051 4932 quo
1098 4867 1168 4914 se
1215 4866 1501 4932 suosque
1542 4846 1804 4913 affectus
1852 4845 2055 4930 magis
2099 4844 2416 4929 intelligit.
2467 4840 2536 4923 Q.
2580 4840 2656 4907 Ε.
2703 4839 2785 4905 D.
