3609 5642
1604 537 1688 583 nn
1728 537 1948 584 mm.
3008 518 3093 581 59

1229 701 1931 770 PROPOSITIO
2021 702 2323 768 XLVIII.

550 844 631 908 In
689 843 908 909 Mente
963 842 1152 908 nulla
1212 848 1302 908 est
1347 841 1635 908 absoluta
1678 842 1805 906 sive
1848 839 2047 907 libera
2088 840 2417 919 volunta35
2458 840 2570 906 sed
2611 840 2805 907 Mens
2848 841 2939 906 ad
2982 840 3095 906 hoc

459 935 558 998 vel
595 932 762 999 alud
802 931 1127 998 volendum
1172 931 1631 997 determinatwr
1675 952 1716 995 a
1759 950 1973 1013 causa,
2016 949 2161 1012 quae
2195 931 2380 996 etiam
2417 929 2496 996 ab
2518 929 2651 996 alia
2673 931 3096 996 determinata

460 1029 569 1106 est,
612 1029 671 1088 et
713 1021 843 1086 hoec
886 1021 1114 1087 iternm
1158 1020 1238 1086 ab
1283 1020 1437 1105 alia,
1481 1025 1541 1086 et
1582 1020 1672 1085 sic
1713 1020 1788 1085 in
1831 1018 2170 1101 infinitum.

1420 1152 2139 1199 DEMONSTRATIQ

550 1234 736 1301 Mens
804 1240 1019 1300 certus
1086 1240 1149 1302 et
1212 1235 1673 1301 determinatus
1741 1234 1973 1299 modus
2043 1233 2366 1317 cogitandi
2411 1238 2509 1299 est
2552 1237 2703 1319 (per
2747 1233 2944 1317 Prop.
2991 1233 3094 1297 11.

459 1323 694 1410 hujus),
738 1325 1027 1409 adeoque
1074 1328 1219 1408 (per
1265 1322 1487 1389 Coroll.
1532 1325 1592 1389 2.
1637 1323 1840 1408 Prop.
1888 1323 1992 1386 17.
2032 1342 2098 1407 p.
2147 1322 2230 1401 1.)
2277 1342 2544 1388 suarum
2590 1325 2914 1388 actionum
2961 1342 3094 1387 non

458 1418 669 1497 potest
721 1433 862 1479 esse
906 1433 1100 1478 causa
1144 1412 1365 1496 libera,
1412 1416 1571 1486 sive,
1597 1413 1959 1478 absolutam
2002 1412 2373 1476 facultatem
2419 1412 2678 1478 volendi
2723 1417 2787 1478 et
2832 1412 3096 1476 nolendi

459 1502 695 1569 habere
739 1522 869 1567 non
915 1507 1159 1587 potest3
1207 1503 1322 1568 sed
1366 1503 1447 1567 ad
1490 1503 1612 1567 hoc
1658 1503 1763 1567 vel
1806 1501 1972 1569 illud
2017 1500 2368 1566 volendum
2400 1507 2552 1586 (per
2574 1500 2770 1585 Prop.
2796 1502 2899 1565 28.
2919 1520 2983 1585 p.
3008 1501 3096 1579 1.)

464 1592 871 1657 determinari
921 1591 1108 1657 debet
1152 1612 1190 1655 a
1233 1611 1447 1676 causa,
1493 1610 1641 1674 quae
1681 1592 1873 1657 etiam
1920 1590 2000 1655 ab
2047 1590 2171 1655 alia
2219 1591 2640 1655 determinata
2684 1595 2801 1673 est,
2845 1594 2912 1656 et
2956 1591 3095 1654 haec

463 1682 701 1746 iterum
746 1680 825 1745 ab
872 1682 1013 1765 alia,
1059 1685 1176 1745 etc.
1224 1679 1293 1760 Q.
1334 1678 1412 1745 Ε.
1459 1678 1543 1744 D.

1538 1813 2009 1859 SOHOLIUM.

550 1893 791 1959 Eodem
864 1894 983 1958 hoc
1053 1895 1238 1959 modo
1307 1894 1799 1976 demonstratur,
1858 1894 1928 1957 in
1989 1893 2206 1958 Mente
2251 1893 2494 1958 nullam
2545 1892 2681 1957 dari
2727 1892 3095 1958 facultatem

463 1982 826 2047 absolutam
895 1983 1312 2067 intelligendi,
1382 1983 1701 2067 cupiendi,
1769 1983 2047 2065 amandi,
2106 1989 2223 2047 etc.
2272 1981 2462 2048 Unde
2510 1983 2827 2065 seqnitur,
2872 1983 2988 2046 has
3035 1987 3099 2047 et

463 2073 705 2137 similes
749 2071 1089 2137 facultates
1134 2073 1238 2137 vel
1283 2092 1550 2157 prorsus
1597 2072 1876 2154 fictitias,
1923 2072 2026 2137 vel
2073 2071 2235 2134 nihil
2281 2090 2422 2137 esse
2468 2077 2701 2155 praeter
2746 2073 2919 2136 entia
2963 2070 3098 2137 Me-

462 2162 811 2245 taphysica,
878 2164 1017 2227 sive
1083 2162 1493 2243 universalia,
1562 2180 1709 2245 quae
1771 2180 1855 2226 ex
1915 2160 2413 2245 particularibus
2469 2159 2748 2225 formare
2794 2161 3097 2226 solemus,

463 2251 645 2327 Adeo
715 2256 789 2315 ut
854 2251 1218 2316 intellectus
1263 2256 1329 2315 et
1372 2251 1671 2315 voluntas
1715 2251 1797 2314 ad
1843 2251 2008 2314 hanc
2055 2254 2119 2315 et
2161 2249 2338 2314 illam
2384 2249 2612 2328 ideam,
2657 2250 2762 2315 vel
2807 2249 2888 2313 ad
2934 2250 3098 2314 hanc

468 2344 531 2404 et
596 2340 775 2403 illam
841 2340 1216 2404 volitionem
1263 2339 1484 2405 eodem
1533 2339 1724 2404 modo
1773 2357 1915 2404 sese
1958 2337 2253 2420 habeant,
2299 2358 2373 2404 ac
2415 2338 2751 2423 lapideitas
2797 2339 2878 2403 ad
2924 2340 3098 2403 hunc

468 2433 532 2493 et
574 2429 760 2493 illum
805 2427 1099 2512 lapidem,
1143 2428 1247 2494 vel
1296 2434 1368 2493 ut
1410 2429 1603 2492 homo
1651 2428 1733 2492 ad
1778 2428 2048 2494 Petrum
2095 2431 2158 2492 et
2201 2427 2495 2493 Paulum.
2543 2426 2818 2493 Causam
2864 2432 3101 2511 autem,

464 2536 582 2582 cur
639 2518 934 2582 homines
996 2537 1066 2583 se
1109 2516 1349 2582 liberos
1396 2536 1537 2583 esse
1583 2520 1830 2601 putent,
1876 2517 2309 2600 explicuimus
2352 2518 2423 2581 in
2469 2517 2842 2601 Appendice
2886 2516 3098 2582 Partis

463 2607 704 2691 primae.
752 2605 998 2671 Verum
1047 2611 1394 2691 antequam
1442 2606 1714 2671 ulterius
1759 2625 2041 2691 pergam,
2084 2606 2263 2670 venit
2301 2607 2405 2670 hic
2443 2606 2821 2687 notandum,
2861 2624 2964 2670 me
2987 2625 3102 2690 per

463 2694 864 2761 voluntatem
931 2694 1295 2761 affirmandi
1365 2700 1428 2760 et
1488 2695 1769 2781 negandi
1810 2694 2199 2777 facultatem,
2245 2714 2376 2759 non
2423 2700 2636 2760 autem
2684 2694 3099 2778 cupiditatem

461 2784 849 2869 intelligere;
910 2783 1296 2868 facultatem,
1356 2786 1646 2869 inquam,
1691 2785 2001 2868 intellige,
2047 2803 2179 2868 qua
2200 2782 2406 2867 Mens,
2428 2785 2585 2868 quid
2607 2802 2832 2848 verum
2860 2783 3102 2868 quidve

461 2871 697 2938 falsum
741 2874 844 2954 sit,
888 2872 1162 2938 affirmat
1209 2875 1313 2940 vel
1359 2878 1568 2958 negat,
1613 2878 1677 2938 et
1722 2892 1854 2936 non
1895 2873 2331 2957 cupiditatem,
2373 2893 2503 2958 qua
2524 2872 2711 2938 Mens
2734 2891 2840 2938 res
2863 2874 3103 2957 appetit

464 2962 569 3027 vel
634 2965 981 3027 aversatur.
1048 2963 1138 3027 At
1204 2966 1548 3048 postquam
1611 2962 2218 3044 demonstravimus,
2261 2963 2378 3027 has
2422 2961 2758 3027 facultates
2806 2964 3101 3027 notiones

465 3069 606 3116 esse
671 3052 1088 3134 universales,
1158 3071 1305 3136 quae
1373 3072 1410 3116 a
1469 3050 1929 3136 singularibus,
1990 3069 2075 3116 ex
2138 3051 2379 3134 quibus
2426 3051 2682 3116 easdem
2727 3051 3103 3132 formamus,

463 3158 593 3204 non
662 3140 1171 3226 distinguuntur,
1237 3141 1700 3225 inquirendum
1760 3141 1893 3223 jam
1956 3144 2070 3223 est,
2132 3159 2214 3204 an
2261 3141 2419 3224 ipsae
2467 3142 2807 3206 volitiones
2854 3139 3103 3225 aliquid

466 3230 596 3294 sint
640 3234 872 3313 praeter
915 3231 1088 3313 ipsas
1132 3248 1351 3295 rerum
1395 3229 1593 3294 ideas.
1638 3228 2136 3313 Inquirendum,
2178 3231 2470 3313 inquam,
2514 3235 2630 3313 est,
2673 3250 2755 3294 an
2793 3231 2862 3292 in
2888 3228 3101 3293 Mente

463 3318 587 3382 alia
629 3317 969 3383 affirmatio
1015 3323 1078 3384 et
1127 3320 1380 3404 negatio
1427 3319 1614 3383 detur
1657 3323 1891 3404 praeter
1935 3318 2131 3400 illam,
2178 3338 2374 3402 quam
2410 3318 2571 3401 idea,
2610 3322 2931 3403 quatenus
2960 3318 3105 3383 idea

466 3413 580 3488 est,
645 3408 935 3490 involvit,
1003 3428 1133 3491 qua
1192 3408 1272 3473 de
1315 3426 1387 3472 re
1433 3408 1580 3473 vide
1626 3411 2001 3491 sequentem
2049 3406 2582 3492 Propositionem,
2627 3413 2702 3472 ut
2747 3411 2812 3473 et
2857 3406 3101 3473 Defini-

466 3499 707 3561 tionem
755 3498 812 3560 3.
859 3498 1072 3579 hujus,
1117 3516 1200 3562 ne
1245 3498 1544 3581 cogitatio
1590 3498 1658 3561 in
1706 3497 1992 3581 picturas
2037 3497 2296 3561 incidat.
2343 3495 2489 3561 Non
2539 3498 2712 3562 enim
2759 3515 2876 3580 per
2922 3497 3100 3561 ideas

469 3587 798 3670 imagineS,
867 3587 1092 3670 quales
1159 3588 1229 3649 in
1288 3585 1491 3651 fundo
1554 3585 1746 3668 oculi,
1791 3591 1873 3668 et,
1918 3587 1977 3651 si
2020 3586 2246 3670 placet,
2290 3588 2358 3650 in
2407 3587 2617 3652 medio
2665 3585 2925 3651 cerebro
2973 3584 3100 3651 for-

474 3680 747 3759 mantur,
791 3675 903 3740 sed
949 3674 1368 3760 Cogitationis
1413 3680 1763 3760 conceptus
1810 3674 2117 3760 intelligo.

1270 3835 1971 3902 PROPOSITIO
2060 3835 2301 3901 XLIX.

559 3975 640 4041 In
686 3974 907 4041 Mente
950 3975 1129 4041 nulla
1173 3975 1371 4041 datur
1415 3973 1636 4057 volitiO,
1676 3975 1805 4039 sive
1849 3973 2209 4059 affirmatio
2248 3978 2309 4040 et
2344 3976 2614 4059 neqatio,
2648 3979 2883 4058 preater
2904 3973 3103 4058 illam,

471 4085 658 4150 quam
702 4065 862 4149 idea,
907 4071 1222 4147 quatenus
1263 4064 1404 4130 idea
1450 4069 1558 4147 est,
1603 4062 1877 4130 involvit.

1446 4195 2154 4242 DEMONSTRATIQ

557 4278 636 4341 In
703 4277 919 4344 Mente
967 4279 1115 4363 (per
1161 4277 1357 4362 Prop.
1396 4277 1680 4362 praeced.)
1728 4278 1909 4343 nulla
1955 4278 2145 4342 datur
2191 4276 2485 4341 absoluta
2526 4276 2799 4342 facultas
2847 4277 3104 4342 volendi

473 4372 534 4432 et
590 4367 871 4448 nolendi,
932 4367 1045 4432 sed
1092 4373 1344 4432 tantum
1393 4368 1754 4452 singulares
1798 4366 2161 4449 volitioneS,
2208 4385 2440 4450 nempe
2485 4367 2620 4430 haec
2670 4370 2733 4431 et
2777 4368 2890 4431 illa
2936 4366 3104 4432 affir-

473 4458 687 4539 matio,
733 4462 798 4522 et
851 4457 987 4520 haec
1032 4461 1096 4521 et
1138 4457 1248 4521 illa
1293 4459 1563 4540 negatio.
1611 4455 2065 4540 Concipiamus
2112 4457 2331 4539 itaque
2376 4456 2770 4540 singularem
2819 4457 3101 4540 aliquam

476 4546 865 4625 volitionem,
931 4564 1161 4630 nempe
1208 4546 1470 4610 modum
1519 4545 1863 4629 cogitandi,
1910 4564 2038 4629 quo
2088 4543 2274 4609 Mens
2320 4543 2610 4627 affirmat,
2654 4551 2785 4610 tres
2832 4545 3103 4629 angulos

472 4635 779 4719 trianguli
848 4635 1129 4718 aequales
1197 4653 1338 4700 esse
1386 4633 1641 4700 duobus
1686 4636 1896 4698 rectis.
1943 4631 2102 4697 Haec
2148 4633 2487 4698 affirmatio
2535 4640 2916 4718 conceptum
2964 4636 3102 4699 sive

469 4723 679 4788 ideam
748 4724 1054 4827 trianguli
1114 4724 1402 4805 involvit,
1462 4724 1581 4788 hoc
1625 4727 1743 4805 est,
1789 4726 1931 4787 sine
1941 4711 2119 4787 idea
2163 4723 2468 4806 trianguli
2516 4741 2648 4787 non
2696 4728 2904 4807 potest
2951 4742 3102 4788 con-

471 4814 612 4896 cipi.
658 4811 839 4877 Idem
886 4814 1057 4876 enim
1097 4818 1212 4892 est,
1260 4814 1315 4877 si
1363 4773 1591 4894 dicam,
1639 4813 1815 4896 quod
1860 4812 1921 4875 A
1940 4815 2349 4915 ‘conceptum
2396 4811 2452 4875 B
2492 4811 2717 4877 debeat
2753 4813 3104 4895 involvere,

473 4920 548 4967 ac
615 4901 792 4985 quod
858 4902 921 4964 A
990 4903 1131 4966 sine
1193 4901 1249 4965 Β
1319 4920 1451 4966 non
1512 4904 1717 4985 possit
1777 4901 2044 4987 concipi.
2093 4898 2343 4967 Deinde
2387 4902 2524 4965 haec
2570 4900 2906 4967 affirmatio
2951 4902 3100 4984 (per
