3609 5642
525 488 652 553 130
1544 504 1790 550 maxons
1833 505 1987 551 rms
2028 505 2114 550 Π.

1289 668 1983 737 PROPOSITIO
2074 670 2359 738 XXXV.

614 784 940 865 Quatenus
997 783 1270 851 homines
1328 804 1404 849 ex
1446 784 1642 850 ductu
1684 784 1982 851 Rationis
2025 785 2263 869 vivunt,
2308 791 2563 850 eatenus
2607 789 2851 849 tantum
2895 788 3138 848 natura

522 894 765 961 semper
808 875 1156 940 necessario
1198 873 1585 939 eonveniunt.

1475 1018 2186 1065 DRHONSTRATIQ

614 1098 947 1177 Quatenus
1008 1101 1299 1165 homines
1344 1099 1692 1182 affectibuS,
1738 1102 1853 1184 qui
1897 1102 2228 1185 passiones
2272 1105 2444 1182 sunt,
2486 1100 2950 1181 conflictantur,
2994 1118 3140 1184 pos-

527 1195 682 1255 sunt
749 1208 890 1256 esse
956 1193 1186 1253 natura
1252 1189 1490 1255 diversi
1556 1195 1694 1273 (per
1751 1188 1948 1274 Prop.
1996 1190 2099 1254 33.
2147 1188 2368 1274 hujus)
2412 1195 2474 1255 et
2518 1192 2792 1255 invicem
2840 1189 3140 1253 contrarii

527 1281 660 1362 (per
704 1277 902 1363 Prop.
942 1277 1242 1362 μακά).
1288 1276 1410 1342 Sed
1457 1285 1721 1343 eatenus
1765 1280 2058 1343 homines
2102 1283 2352 1343 tantum
2400 1297 2585 1363 agere
2623 1279 2944 1362 dicuntur,
2983 1297 3139 1361 qua-

526 1373 719 1433 tenus
763 1387 848 1434 ex
892 1367 1090 1432 duotu
1136 1366 1428 1432 Rationis
1472 1368 1702 1432 vivunt
1745 1374 1884 1452 (per
1925 1366 2119 1452 Prop.
2164 1368 2222 1432 3.
2263 1387 2326 1452 p.
2373 1368 2492 1449 3.);
2531 1373 2727 1453 atque
2764 1368 2921 1432 adeo
2961 1369 3138 1451 quie-

528 1457 685 1541 quid
746 1475 831 1522 ex
873 1457 1152 1521 humana
1193 1461 1440 1539 natura,
1487 1461 1808 1541 quatenus
1851 1455 2122 1522 Ratione
2166 1457 2487 1539 definitur,
2532 1459 2843 1542 sequitur,
2889 1456 2956 1520 id
3003 1456 3141 1540 (per

526 1544 733 1627 Defin.
781 1546 840 1608 2.
881 1564 943 1629 p.
991 1545 1073 1625 3.)
1117 1564 1230 1629 per
1273 1546 1475 1609 solam
1519 1547 1866 1610 humanam
1912 1550 2228 1629 naturam,
2271 1552 2577 1630 tanquam
2625 1565 2738 1631 per
2781 1547 3140 1630 proximam

526 1653 709 1700 suam
775 1654 1055 1715 oausam,
1116 1633 1303 1699 debet
1361 1635 1648 1721 intelligi.
1695 1633 1822 1700 Sed
1868 1636 2020 1719 quia
2065 1637 2524 1719 unusquisque
2570 1654 2655 1699 ex
2701 1654 2842 1700 suae
2889 1639 3138 1698 naturae

525 1724 779 1809 legibus
845 1723 911 1787 id
959 1725 1213 1807 appetit,
1258 1724 1432 1806 quod
1479 1723 1740 1806 bonum,
1786 1728 1849 1789 et
1895 1725 1963 1789 id
2007 1743 2302 1790 amovere
2347 1728 2633 1805 conatur,
2679 1725 2856 1808 quod
2900 1724 3140 1787 malum

526 1832 667 1879 esse
704 1813 953 1897 judicat
995 1816 1146 1896 (per
1189 1810 1382 1897 Prop.
1431 1812 1532 1877 19.
1582 1811 1838 1895 huius„
1886 1818 1951 1879 et
1995 1832 2144 1877 eum
2189 1819 2496 1897 praeterea
2537 1814 2623 1897 id,
2670 1813 2845 1897 quod
2890 1831 2974 1878 ex
3011 1812 3142 1876 die-

527 1903 767 1968 tamine
817 1900 1105 1966 Rationis
1149 1900 1389 1965 bonum
1433 1906 1544 1966 aut
1597 1902 1840 1966 malum
1883 1919 2023 1967 esse
2059 1902 2448 1986 judicamus,
2492 1903 2851 1967 necessario
2898 1901 3140 1965 bonum

526 1996 640 2056 aut
683 1991 925 2055 malum
972 1992 1056 2055 sit
1103 1990 1125 2071 (
1134 2009 1249 2075 per
1291 1989 1485 2075 Prop.
1533 1990 1638 2054 41.
1678 2010 1741 2071 p.
1787 1992 1907 2074 2.);
1954 1990 2126 2075 Ergo
2162 1991 2471 2075 homines,
2494 1997 2811 2075 quatenus
2837 2010 2921 2056 ex
2943 1990 3142 2055 ductu

525 2080 817 2145 Rationis
883 2081 1130 2161 vivunt,
1202 2084 1465 2144 eatenus
1532 2084 1783 2144 tantum
1843 2098 1919 2145 ea
1979 2083 2336 2145 necessario
2382 2086 2600 2165 agunt,
2648 2100 2796 2165 quae
2841 2081 3142 2144 humanae

528 2174 796 2252 naturae,
856 2173 920 2234 et
977 2173 1443 2252 consequenter
1501 2170 1856 2254 unicuique
1899 2170 2144 2233 homini
2188 2171 2547 2235 necessario
2593 2169 2763 2234 bona
2808 2174 2977 2251 sunt,
3022 2170 3142 2232 hoo

525 2264 623 2323 est
682 2264 818 2342 (per
864 2255 1083 2322 Coroll.
1129 2256 1321 2341 Prop.
1373 2257 1476 2321 31.
1522 2255 1742 2341 hujus)
1803 2277 1953 2342 quae
1999 2278 2146 2322 eum
2194 2264 2425 2324 natura
2468 2260 2985 2342 uniuscujusque
3030 2258 3142 2321 ho-

529 2349 723 2412 minis
792 2348 1216 2426 conveniunt3
1288 2350 1481 2430 atque
1542 2347 1699 2413 adeo
1759 2348 2053 2412 homines
2112 2349 2303 2413 etiam
2347 2350 2513 2414 inter
2559 2367 2646 2430 se,
2692 2354 3012 2432 quatenus
3058 2365 3142 2412 ex

515 2434 728 2501 ‘ductu
774 2435 1067 2501 Rationis
1112 2437 1361 2518 vivunt,
1407 2438 1766 2501 necessario
1814 2455 2063 2521 semper
2107 2439 2519 2502 conveniunt.
2571 2437 2639 2519 Q.
2684 2436 2764 2502 E.
2810 2435 2892 2501 D.

1450 2579 2090 2626 cononnxnrun
2176 2562 2226 2626 L

618 2662 796 2727 Nihil
862 2661 1187 2748 singulare
1252 2664 1319 2725 in
1389 2680 1606 2727 rerum
1674 2661 1923 2727 Natura
1989 2662 2193 2745 datur,
2256 2662 2429 2747 quod
2486 2664 2731 2728 homini
2792 2664 2874 2728 sit
2919 2662 3143 2726 utilius

530 2771 723 2836 quam
769 2752 978 2834 homo,
1026 2751 1140 2834 qui
1185 2769 1269 2814 ex
1313 2750 1512 2815 ductu
1556 2750 1849 2816 Rationis
1894 2752 2071 2815 vivit.
2116 2751 2283 2816 Nam
2329 2753 2399 2817 id
2441 2753 2686 2817 homini
2723 2752 3142 2817 utilissimum

526 2846 641 2923 est,
686 2840 858 2925 quod
902 2858 1051 2904 eum
1099 2859 1220 2903 sua
1255 2845 1482 2904 natura
1522 2841 1799 2905 maxime
1837 2843 2139 2905 convenit
2161 2843 2295 2924 (per
2321 2839 2539 2906 Coroll.
2563 2840 2758 2925 Prop.
2784 2841 2887 2905 31.
2910 2840 3144 2924 hujus),

526 2931 646 2994 hoo
690 2934 788 2995 est
832 2931 925 3009 (ut
967 2948 1080 3012 per
1122 2948 1185 2992 se
1226 2932 1463 3007 notum)
1509 2929 1716 2993 homo.
1765 2930 1855 2993 At
1897 2930 2089 2994 homo
2136 2949 2219 2994 ex
2266 2930 2518 3014 legibus
2566 2950 2704 2995 suae
2742 2935 2991 2995 naturae
3031 2929 3144 2994 ab·

525 3019 731 3084 solute
798 3020 947 3102 agit,
1012 3016 1269 3101 quando
1338 3036 1422 3083 ex
1489 3018 1687 3083 ductu
1745 3017 2034 3084 Rationis
2079 3020 2239 3083 vivit
2284 3024 2422 3103 (per
2465 3016 2673 3099 Defin.
2716 3020 2776 3082 2.
2819 3038 2882 3102 p.
2931 3018 2990 3081 3.
2992 3022 3035 3101 ),
3080 3022 3143 3082 et

524 3113 788 3173 eatenus
853 3112 1104 3172 tantum
1165 3125 1315 3171 oum
1373 3112 1604 3172 natura
1649 3108 1912 3173 alterius
1957 3109 2237 3173 hominis
2283 3111 2646 3174 necessario
2693 3127 2943 3192 semper
2989 3127 3143 3171 eon-

524 3197 699 3262 venit
742 3202 876 3279 (per
919 3194 1110 3280 Prop.
1155 3195 1470 3279 praeeed.)·
1456 3244 1472 3272 ‚
1521 3215 1671 3280 ergo
1717 3197 1964 3262 homini
2008 3197 2170 3260 nihil
2205 3198 2373 3262 inter
2394 3216 2497 3262 res
2522 3198 2880 3282 singulares
2905 3195 3139 3261 utilius

528 3285 717 3350 datur
761 3305 953 3369 quam
997 3286 1207 3368 hom0,
1253 3290 1370 3350 ete.
1421 3284 1490 3365 Q.
1534 3284 1615 3350 E.
1661 3283 1746 3351 D.

1422 3418 2068 3464 cononnxamn
2154 3399 2238 3464 11.

614 3498 775 3564 Cum
822 3500 1101 3564 maxime
1147 3501 1598 3584 unusquisque
1636 3501 1826 3564 homo
1864 3520 2056 3565 suum
2096 3500 2221 3565 sibi
2245 3502 2401 3566 utile
2425 3502 2676 3585 quaerit,
2700 3505 2837 3565 tum
2863 3501 3144 3564 maxime

524 3591 815 3654 homines
863 3593 1015 3654 sunt
1061 3588 1182 3653 sibi
1229 3590 1502 3654 invicem
1549 3590 1758 3654 utiles.
1804 3588 1972 3654 Nam
2020 3608 2148 3673 quo
2196 3593 2399 3674 magis
2445 3591 2901 3674 unusquisque
2947 3608 3141 3654 suum

528 3678 684 3744 utile
746 3680 996 3761 quaerit,
1043 3682 1107 3743 et
1165 3696 1234 3743 se
1281 3697 1658 3744 conservare
1703 3683 1990 3760 conatur,
2037 3697 2111 3744 eo
2160 3681 2363 3763 magis
2410 3680 2649 3744 virtute
2691 3677 3000 3762 praeditus
3047 3682 3144 3742 est

525 3772 661 3851 (per
705 3765 903 3851 Prop.
951 3766 1054 3829 20.
1101 3765 1340 3850 huius),
1399 3769 1552 3850 sive,
1617 3768 1792 3851 quod
1852 3767 2024 3832 idem
2084 3772 2182 3833 est
2238 3774 2374 3852 (per
2418 3766 2631 3849 Defin.
2679 3768 2738 3831 8.
2783 3766 3019 3851 hujus),
3067 3784 3141 3831 eo

522 3858 762 3940 majore
805 3857 1088 3940 potentia
1132 3856 1443 3939 praeditus
1489 3861 1586 3921 est
1630 3856 1711 3921 ad
1756 3856 2076 3940 agendum
2124 3876 2209 3922 ex
2254 3876 2393 3922 suae
2439 3863 2690 3921 naturae
2728 3856 2997 3940 legibue,
3019 3855 3143 3919 hoe

524 3951 622 4010 est
682 3951 817 4029 (per
862 3943 1056 4029 Prop.
1105 3945 1162 4008 3.
1208 3963 1270 4029 p.
1319 3945 1403 4024 3.)
1461 3945 1542 4010 ad
1587 3945 1938 4010 vivendum
1986 3965 2071 4010 ex
2118 3946 2317 4010 ductu
2362 3945 2671 4010 Rationis.
2715 3946 2807 4009 At
2849 3945 3142 4008 homines

522 4040 663 4098 tum
733 4036 1010 4098 maxime
1068 4039 1301 4099 natura
1361 4036 1776 4119 conveniunt,
1823 4054 1971 4099 cum
2020 4053 2105 4099 ex
2151 4034 2351 4100 ductu
2396 4034 2685 4099 Rationis
2732 4034 2963 4098 vivunt
3007 4039 3144 4117 (per

522 4121 716 4207 Prop.
761 4122 1076 4207 proeced.);
1138 4122 1309 4208 Ergo
1369 4128 1506 4208 (per
1546 4142 1731 4207 praee.
1781 4121 2028 4201 Coroll.)
2089 4128 2228 4188 tum
2290 4125 2572 4189 maxime
2615 4124 2907 4187 homines
2952 4126 3141 4187 erunt

522 4212 646 4275 sibi
692 4213 965 4277 invicem
1013 4212 1221 4296 utiles,
1268 4232 1414 4277 cum
1465 4215 1745 4280 maxime
1792 4213 2249 4297 unusquisque
2295 4232 2487 4278 suum
2538 4213 2694 4277 utile
2731 4212 2854 4277 sibi
2894 4213 3142 4296 quaerit.

528 4298 596 4379 Q.
641 4298 719 4364 E.
762 4298 847 4366 D.

1596 4410 2068 4456 SCHOLIUH.

611 4487 767 4565 Quae
830 4490 1017 4555 modo
1079 4492 1495 4575 ostendimus,
1539 4491 1678 4576 ipsa
1724 4494 1914 4558 etiam
1963 4492 2359 4577 experientia
2405 4492 2691 4576 quotidie
2735 4495 2830 4556 tot
2876 4494 3137 4575 tamque

518 4578 862 4644 luculentis
928 4580 1311 4646 testimoniis
1372 4585 1658 4662 testatur,
1721 4585 1792 4646 ut
1853 4580 2154 4647 omnibus
2199 4581 2333 4647 fere
2375 4582 2445 4645 in
2493 4600 2601 4647 ore
2649 4581 2763 4646 sit:
2813 4581 3136 4646 hominem

519 4668 764 4732 homini
828 4666 1040 4732 Deum
1108 4688 1264 4735 esse.
1334 4668 1437 4734 Fit
1495 4674 1710 4734 tamen
1772 4689 1938 4752 raro,
1998 4675 2071 4735 ut
2130 4672 2425 4736 homines
2472 4689 2555 4735 ex
2602 4669 2801 4734 ductu
2846 4667 3138 4734 Rationis

520 4759 775 4839 vivant3
847 4757 959 4822 sed
1018 4776 1167 4821 oum
1228 4759 1307 4821 iis
1354 4763 1441 4823 ita
1488 4764 1924 4843 comparatum
1971 4760 2104 4843 est,⁴
2134 4766 2206 4825 ut
2252 4761 2632 4845 plerumque
2675 4758 2900 4842 invidi,
2945 4763 3138 4842 atque

518 4848 794 4911 invicem
865 4846 1113 4912 molesti
1182 4848 1326 4912 sint.
1387 4848 1476 4911 At
1522 4849 1944 4914 nihilominus
1992 4850 2185 4914 vitam
2235 4849 2580 4919 solitariam
2627 4849 2740 4912 vix
2788 4850 3140 4933 transigere
