3609 5642
549 482 636 544 24
1589 497 1840 543 mmcns
1883 497 2040 544 rans
2083 498 2124 542 1.

546 672 622 734 ut
685 668 897 752 ipsum
942 668 1208 749 coleret;
1254 663 1397 732 Hoc
1440 663 1643 751 igitur
1685 686 1891 731 unum
1939 667 2121 750 prius
2168 665 2603 749 considerab0,
2648 665 2992 749 quaerendo
3038 668 3161 732 sci·

546 758 695 822 licet
754 759 958 838 primo
1026 775 1305 838 causam,
1373 774 1490 820 cur
1557 755 1848 840 plerique
1914 756 2035 820 hoc
2091 758 2161 820 in
2207 756 2578 840 praeJudicio
2624 756 3053 839 acquiescant,
3098 760 3163 820 et

547 865 768 912 omnes
813 850 1043 911 natura
1088 845 1244 910 adeo
1288 846 1585 929 propensi
1631 846 1762 911 sint
1806 844 1888 910 ad
1929 844 2101 910 idem
2149 845 2672 930 amplectendum.
2710 841 2956 910 Deinde
2993 846 3162 928 ejus-

548 936 693 1001 dem
759 934 1098 1001 falsitatem
1168 933 1516 1016 ostendam,
1561 939 1625 1001 et
1665 934 1935 1017 tundam,
1981 935 2303 1019 quomodo
2348 954 2433 1001 ex
2478 936 2601 1000 hoc
2645 939 2782 999 orta
2828 936 2962 999 sint
3001 950 3162 1019 prae-

538 1025 784 1110 judicia
842 1025 922 1091 de
964 1024 1117 1090 bono
1159 1027 1220 1088 et
1264 1021 1446 1105 malo,
1487 1026 1705 1089 merito
1745 1027 1806 1089 et
1837 1028 2105 1108 peccato,
2150 1023 2337 1089 laude
2380 1028 2441 1089 et
2482 1024 2801 1106 vituperio,
2843 1022 3060 1088 ordine
3102 1027 3164 1088 et

544 1114 928 1198 confusione,
981 1111 1456 1200 pulchritudine
1539 1117 1600 1178 et
1662 1113 2075 1198 deformitate,
2141 1118 2202 1178 et
2270 1113 2349 1179 de
2413 1113 2555 1178 aliis
2624 1113 2821 1196 hujus
2886 1113 3157 1198 generis.

544 1203 788 1270 Verum
857 1205 995 1268 haec
1061 1202 1142 1269 ab
1186 1203 1486 1267 humanae
1530 1205 1764 1268 mentis
1811 1207 2040 1268 natura
2085 1202 2416 1286 deducere,
2460 1222 2590 1268 non
2639 1207 2736 1268 est
2776 1202 2973 1286 hujus
3019 1202 3161 1267 loci.

545 1293 713 1359 Satis
777 1294 883 1358 hic
942 1295 1081 1377 erit,
1125 1293 1182 1357 si
1227 1310 1342 1376 pro
1386 1291 1804 1357 fundamento
1850 1291 1917 1356 id
1963 1293 2228 1377 capiam,
2274 1291 2447 1377 quod
2490 1292 2661 1378 apud
2707 1310 2929 1357 omnes
2975 1290 3164 1357 debet

545 1402 688 1450 esse
751 1385 822 1448 in
887 1381 1211 1463 confess03
1259 1399 1489 1466 nempe
1549 1383 1687 1464 hoc,
1732 1381 1907 1466 quod
1951 1400 2173 1447 omnes
2217 1382 2511 1448 homines
2554 1400 2773 1447 rerum
2820 1399 3159 1446 causarum

544 1474 753 1557 ignari
819 1476 1194 1554 nascuntur,
1253 1474 1318 1535 et
1378 1470 1552 1554 quod
1598 1489 1822 1537 omnes
1866 1472 2216 1557 appetitum
2259 1470 2497 1537 habent
2537 1490 2734 1536 suum
2779 1471 2938 1537 utile
2985 1490 3162 1555 qua>-

543 1561 746 1644 rendi,
803 1562 989 1645 cujus
1047 1562 1141 1626 rei
1185 1564 1340 1625 sunt
1386 1561 1644 1625 conscii.
1689 1559 1794 1625 Ex
1837 1561 1939 1625 his
1984 1561 2156 1626 enim
2202 1561 2516 1645 sequitur,
2556 1560 2781 1642 primo,
2828 1559 3003 1643 quod
3047 1560 3161 1624 ho-

545 1652 752 1716 mines
819 1669 889 1717 se
952 1649 1188 1716 liberos
1257 1667 1399 1716 esse
1465 1651 1828 1734 opinentur,
1887 1649 2405 1734 quandoquidem
2465 1668 2731 1714 suarum
2777 1649 3158 1714 volitionum

545 1742 780 1824 suique
847 1741 1166 1824 appetitus
1227 1743 1381 1802 sunt
1425 1740 1684 1817 conscii,
1727 1744 1790 1804 et
1836 1739 1916 1804 de
1959 1740 2194 1817 causiS,
2235 1759 2274 1804 a
2318 1738 2560 1823 quibus
2605 1738 3036 1823 disponuntur
3079 1738 3160 1803 ad

544 1828 967 1914 appetendum
1027 1833 1091 1895 et
1133 1827 1500 1911 volendum,
1546 1828 1699 1912 quia
1742 1847 1963 1893 earum
2009 1833 2163 1894 sunt
2204 1828 2432 1913 ignari,
2477 1846 2559 1893 ne
2603 1846 2719 1912 per
2764 1829 3087 1893 somnium
3117 1827 3158 1908 ¹)

544 1920 840 2003 cogitant.
886 1917 1193 2002 Sequitur
1229 1914 1516 1999 secundo,
1551 1917 1845 1983 homines
1882 1919 2098 1983 omnia
2119 1922 2377 2002 propter
2396 1916 2586 1983 finem
2613 1935 2837 2001 agere3
2860 1916 3162 1983 videlicet

545 2012 800 2092 propter
866 2007 1042 2089 utile,
1111 2005 1283 2092 quod
1344 2010 1685 2091 appetunt3
1733 2006 1909 2071 unde
1951 2006 2042 2090 fit,
2087 2013 2161 2072 ut
2206 2025 2454 2091 semper
2497 2025 2712 2072 rerum
2759 2010 3160 2090 peractarum

536 2116 766 2162 causas
809 2096 1036 2161 finales
1079 2099 1330 2160 tantum
1378 2096 1543 2161 scire
1588 2101 1909 2180 expetant,
1953 2100 2017 2162 et
2052 2096 2165 2161 ubi
2186 2096 2360 2180 ipsas
2383 2094 2766 2179 audiverint,
2788 2096 3158 2179 quiescant3

537 2188 844 2251 nimirum
915 2187 1069 2270 quia
1135 2185 1382 2249 nullam
1450 2183 1688 2251 habent
1745 2204 2006 2250 causam
2067 2186 2338 2250 ulterius
2384 2184 2736 2251 dubitandi.
2783 2184 2897 2250 Sin
2944 2190 3161 2250 autem

543 2275 797 2341 easdem
859 2292 942 2338 ex
1002 2274 1128 2340 alio
1173 2273 1399 2339 audire
1445 2280 1790 2359 nequeant,
1836 2274 1996 2338 nihil
2041 2275 2122 2340 iis
2166 2279 2381 2356 restat,
2426 2275 2551 2341 nisi
2599 2279 2672 2340 ut
2717 2274 2797 2338 ad
2843 2279 3048 2340 semet
3093 2293 3162 2340 se

537 2368 932 2446 convertant,
998 2367 1063 2430 et
1133 2363 1212 2428 ad
1275 2361 1458 2445 fines,
1523 2384 1562 2427 a
1622 2363 1861 2448 quibus
1905 2365 2029 2449 ipsi
2074 2364 2153 2429 ad
2201 2364 2437 2429 similia
2481 2363 2888 2430 determinari
2936 2364 3164 2448 solent,

537 2452 889 2537 reflectant,
935 2457 999 2518 et
1043 2453 1137 2518 sic
1185 2471 1270 2518 ex
1315 2471 1435 2516 suo
1481 2453 1743 2538 ingenio
1787 2454 2120 2538 ingenium
2161 2454 2425 2519 alterius
2463 2453 2822 2519 necessario
2851 2454 3162 2537 judicant.

538 2543 739 2608 Porro
784 2561 934 2607 cum
980 2544 1050 2606 in
1096 2560 1168 2606 se
1212 2546 1277 2607 et
1318 2545 1503 2607 extra
1550 2560 1620 2608 se
1658 2561 1789 2607 non
1828 2561 2033 2627 pauca
2068 2543 2388 2627 reperiant
2424 2543 2651 2624 media,
2692 2561 2839 2626 quae
2861 2543 2942 2608 ad
2964 2562 3158 2607 suum

537 2633 697 2698 utile
746 2630 1219 2716 assequendum
1269 2649 1402 2695 non
1447 2650 1675 2715 parum
1721 2631 2103 2717 conducant,
2150 2637 2222 2697 ut
2265 2650 2365 2698 ex.
2409 2651 2502 2716 gr.
2547 2632 2769 2698 oculos
2814 2632 2895 2697 ad
2939 2631 3162 2697 viden-

540 2722 714 2803 dum,
760 2720 984 2786 dentes
1029 2719 1110 2784 ad
1157 2719 1649 2803 masticandum,
1694 2720 1927 2786 herbas
1967 2725 2030 2786 et
2069 2722 2415 2786 animantia
2438 2720 2517 2786 ad
2541 2721 2937 2804 alimentum,
2960 2721 3162 2786 solem

541 2810 622 2876 ad
667 2809 1184 2892 illuminandum,
1226 2827 1402 2874 mare
1448 2808 1527 2873 ad
1574 2809 1875 2876 alendum
1922 2811 2148 2895 pisces,
2188 2815 2333 2893 etc.;
2376 2810 2527 2875 hinc
2562 2809 2826 2893 factum,
2850 2814 2925 2876 ut
2947 2811 3164 2875 omnia

540 2900 858 2965 naturalia
902 2903 1212 2983 tanquam
1260 2897 1341 2962 ad
1386 2917 1580 2962 suum
1628 2899 1786 2966 utile
1832 2899 2041 2964 media
2077 2899 2495 2965 considerent.
2532 2899 2616 2964 Et
2641 2901 2793 2984 quia
2820 2901 2931 2965 illa
2955 2899 3162 2966 media

539 2988 619 3054 ab
665 2989 823 3074 ipsis
866 2989 1148 3070 inventa,
1193 3006 1324 3052 non
1371 2991 1585 3052 autem
1632 2993 1852 3073 parata
1897 3008 2038 3055 esse
2083 2991 2330 3054 sciunt:
2373 2989 2524 3053 hinc
2561 3007 2820 3055 causam
2859 2988 3164 3055 credendi

540 3077 922 3161 habuerunt,
986 3077 1263 3162 aliquem
1326 3076 1525 3141 alium
1586 3096 1745 3160 esse,
1792 3079 1908 3163 qui
1951 3077 2064 3142 illa
2111 3077 2318 3145 media
2361 3079 2430 3141 in
2477 3096 2696 3144 eorum
2746 3097 2934 3143 usum
2981 3097 3164 3163 para-

540 3169 720 3233 verit.
762 3165 929 3232 Nam
975 3171 1315 3251 postquam
1360 3183 1463 3230 res
1509 3170 1584 3230 ut
1628 3166 1838 3232 media
1882 3167 2468 3249 consideraverunt,
2506 3167 2761 3233 credere
2783 3187 2913 3232 non
2941 3172 3162 3253 potue-

539 3261 713 3338 runt,
777 3255 1043 3321 easdem'
1099 3274 1170 3321 se
1235 3255 1408 3339 ipsas
1474 3252 1733 3336 fecisse3
1803 3256 1917 3321 sed
1976 3275 2062 3322 ex
2121 3256 2366 3339 mediis,
2412 3275 2559 3340 quae
2604 3256 2730 3322 sibi
2772 3257 2898 3341 ipsi
2942 3275 3164 3341 parare

542 3345 766 3427 solent,
810 3343 1189 3410 concludere
1234 3342 1613 3428 debuerunt,
1660 3344 1798 3410 dari
1836 3346 2137 3429 aliquem,
2174 3345 2278 3410 vel
2301 3346 2553 3430 aliquos
2575 3344 2639 3410 N
2639 3351 2843 3411 aturae
2867 3352 3165 3429 rectores,

541 3436 821 3500 humana
887 3434 1188 3518 praeditos
1253 3432 1563 3515 libertate,
1631 3435 1746 3518 qui
1806 3434 1965 3517 ipsis
2028 3435 2242 3499 omnia
2286 3435 2670 3518 curaverint,
2715 3440 2780 3501 et
2823 3438 2894 3499 in
2939 3454 3162 3500 eorum

543 3543 735 3591 usum
783 3524 999 3587 omnia
1039 3522 1321 3588 fecerint.
1366 3521 1587 3606 Atque
1632 3523 1866 3588 horum
1911 3523 2101 3588 etiam
2147 3525 2499 3608 ingenium,
2538 3524 3060 3609 quandoquidem
3085 3523 3166 3589 de

542 3632 618 3678 eo
683 3631 1016 3696 nunquam
1063 3610 1220 3696 quid
1264 3610 1657 3689 audiverant,
1702 3630 1786 3676 ex
1831 3631 1950 3677 suo
1989 3613 2279 3696 Judicare
2326 3612 2721 3694 debuerunt3
2770 3618 2966 3697 atque
3012 3614 3166 3678 hinc

542 3704 923 3783 statuerunt,
989 3697 1160 3766 Deos
1221 3700 1437 3764 omnia
1495 3702 1564 3765 in
1626 3701 1961 3766 hominum
2011 3722 2199 3768 usum
2247 3702 2536 3786 dirigere,
2585 3700 2657 3768 ut
2700 3702 2994 3768 homines
3040 3702 3166 3767 sibi

543 3791 926 3873 devinciant,
993 3793 1058 3854 et
1123 3791 1192 3854 in
1255 3808 1505 3854 summo
1567 3788 1647 3854 ab
1692 3790 1922 3856 iisdem
1970 3792 2208 3857 honore
2252 3790 2640 3872 habeantur3
2690 3791 2865 3857 unde
2906 3791 3165 3870 factum,

544 3885 619 3945 ut
682 3879 1134 3963 unusquisque
1195 3877 1482 3943 diversos
1540 3876 1751 3944 Deum
1814 3879 2065 3946 colendi
2108 3879 2330 3945 modos
2378 3899 2461 3945 ex
2505 3899 2623 3946 suo
2670 3881 2928 3966 ingenio
2975 3899 3166 3946 exco-

541 3969 854 4054 gitaverit,
923 3972 997 4032 ut
1060 3965 1240 4032 Deus
1299 3986 1408 4032 eos
1454 3987 1649 4051 supra
1695 3968 1977 4054 reliquos
2024 3969 2338 4054 diligeret,
2382 3974 2447 4034 et
2493 3974 2688 4035 totam
2737 3969 3049 4035 Naturam
3094 3971 3165 4033 in

544 4077 736 4123 usum
783 4075 978 4122 coecae
1020 4056 1277 4121 illorum
1324 4057 1690 4140 cupiditatis
1737 4062 1800 4122 et
1843 4058 2222 4124 insatiabilis
2267 4059 2552 4123 avaritiae
2590 4059 2906 4145 dirigeret.
2948 4059 3167 4143 Atque

542 4148 634 4212 ita
699 4147 823 4210 hoc
888 4146 1330 4229 praejudicium
1391 4147 1459 4209 in
1521 4148 2037 4231 superstitionem
2086 4167 2365 4230 versum,
2407 4145 2493 4233 et!
2517 4132 2678 4232 affigas
2723 4150 2793 4212 in
2840 4147 3166 4214 mentibus

544 4238 675 4321 egit
743 4235 1023 4315 radices3
1092 4234 1265 4319 quod
1332 4235 1400 4298 in
1466 4255 1660 4301 causa
1726 4235 1869 4319 fuit,
1935 4241 2010 4301 ut
2078 4238 2532 4321 unusquisque
2601 4240 2883 4302 maximo
2931 4241 3166 4302 conatu

544 4327 833 4390 omnium
900 4342 1116 4389 rerum
1184 4342 1410 4389 causas
1475 4323 1701 4390 finales
1766 4326 2122 4412 intelligere
2181 4344 2420 4411 easque
2481 4326 2800 4411 explicare
2865 4327 3165 4392 studeret.

544 4413 670 4480 Sed
716 4413 873 4491 dum
920 4414 1359 4497 quaesiverunt
1403 4414 1754 4497 ostendere,
1797 4414 2110 4481 Naturam
2156 4415 2316 4480 nihil
2360 4415 2601 4481 frustra
2646 4418 2788 4496 (hoc
2833 4422 2949 4499 est,
2992 4415 3167 4501 quod

543 4505 613 4567 in
685 4522 879 4569 usum
946 4503 1278 4567 hominum
1344 4523 1476 4568 non
1546 4505 1653 4582 sit)
1721 4523 1926 4589 agere,
1985 4505 2147 4570 nihil
2206 4504 2381 4570 aliud
2442 4505 2744 4570 videntur
2790 4505 3170 4589 ostendisse,

546 4613 739 4679 quam
796 4592 1111 4658 Naturam
1171 4591 1473 4678 Deosque
1520 4612 1704 4680 teque
1749 4614 1825 4660 ac
1868 4595 2160 4661 homines
2206 4594 2491 4662 delirare.
2536 4594 2704 4662 Vide
2750 4614 2989 4680 quaeso,
3036 4615 3166 4680 quo

546 4875 601 4923 et
609 4803 872 4924 ίὲέᾼὲἓιι.
920 4804 1176 4870 'subiuga
1227 4820 1295 4857 no
1322 4803 1444 4873 pori
1462 4806 1730 4859 omnium
1763 4807 1997 4874 quidem.
2030 4807 2108 4860 Cf.
2140 4811 2325 4861 autem
2357 4809 2542 4860 Livius
2576 4806 2947 4860 Gronovianus
2980 4805 3049 4859 33
3067 4823 3082 4862 ι
3100 4807 3170 4860 49

3231 4040 3416 4211 Μ
