3609 5642
1624 509 1707 555 nn
1750 509 1968 556 mm.
2418 441 2422 447 -
3029 491 3113 556 55

1440 695 2160 742 DEMONSTRA'HO.

568 775 725 840 Haec
789 776 1150 860 Propositio
1212 796 1327 862 per
1371 796 1441 842 se
1485 782 1676 862 patet.
1726 777 1853 854 Qui
1900 779 2072 843 enim
2117 779 2287 844 inter
2332 798 2559 844 verum
2604 784 2666 845 et
2710 779 2942 844 falsum
2991 779 3112 843 scit

479 865 893 950 distinguere,
940 865 1126 931 debet
1172 866 1572 950 adaequatam
1620 869 1757 933 veri
1804 873 1869 932 et
1911 867 2059 932 falsi
2103 865 2338 933 habere
2374 868 2619 949 ideam3
2669 869 2792 932 hoc
2828 873 2925 933 est
2961 872 3111 948 (per

479 955 538 1017 2.
586 953 780 1019 Schol.
822 953 1016 1035 Prop.
1067 955 1169 1018 40.
1215 955 1459 1039 hujus),
1517 976 1744 1022 verum
1811 962 1875 1022 et
1932 956 2169 1021 falsum
2232 958 2518 1023 secundo
2571 963 2684 1023 aut
2728 959 2916 1022 tertio
2963 975 3110 1041 cog-

477 1044 743 1109 nitionis
787 1063 1024 1129 genere
1071 1063 1471 1130 cognoscere.

1288 1180 1990 1248 PROPOSITIO
2081 1180 2320 1245 XLIII.

570 1292 695 1372 Qui
735 1315 944 1360 veram
988 1295 1169 1361 habet
1209 1296 1432 1380 ideam,
1475 1295 1669 1362 simul
1712 1297 1832 1361 scit
1876 1315 1941 1360 se
1984 1314 2194 1360 veram
2236 1294 2459 1361 habere
2504 1295 2727 1381 ideam,
2764 1313 2880 1360 nec
2916 1295 2991 1360 de
3012 1295 3110 1360 rei

481 1384 733 1450 veritate
771 1389 968 1466 potest
1014 1385 1319 1451 dubitare.

1434 1492 2157 1539 nnnonsrnxrre

571 1571 720 1637 Idea
786 1593 936 1639 vera
1002 1575 1070 1638 in
1139 1572 1326 1640 nobis
1394 1580 1491 1639 est
1555 1575 1684 1658 illa,
1753 1594 1899 1659 quae
1957 1574 2028 1637 in
2074 1571 2230 1657 Deo,
2278 1577 2597 1657 quatenus
2645 1592 2760 1659 per
2805 1576 3104 1637 naturam

484 1659 715 1726 Mentis
759 1663 1057 1728 humanae
1101 1664 1476 1748 explicatur,
1521 1669 1618 1728 est
1663 1663 1998 1747 adaequata
2045 1661 2067 1743 (
2079 1681 2197 1743 per
2244 1660 2461 1728 Coroll.
2505 1660 2698 1747 Prop.
2739 1661 2841 1725 11.
2867 1660 3106 1746 hujus).

484 1747 805 1816 Ponamus
871 1754 1110 1836 itaque,
1168 1753 1305 1817 dari
1349 1753 1417 1816 in
1465 1750 1621 1836 Deo,
1668 1758 1987 1836 quatenus
2034 1770 2148 1835 per
2191 1754 2487 1817 naturam
2524 1751 2760 1817 Mentis
2806 1752 3105 1815 humanae

482 1839 854 1924 explicatur,
921 1841 1126 1906 ideam
1198 1842 1597 1925 adaequatam
1665 1843 1743 1906 A.
1814 1840 2032 1923 Hujus
2098 1841 2257 1905 ideae
2326 1840 2513 1906 debet
2558 1841 2917 1906 necessario
2965 1840 3104 1904 dari

482 1929 671 1992 etiam
738 1930 808 1994 in
875 1928 1011 1995 Deo
1078 1930 1239 2013 idea,
1308 1951 1454 2014 quae
1513 1930 1594 1995 ad
1652 1928 1865 1995 Deum
1912 1930 2134 1995 eodem
2180 1930 2370 1994 modo
2415 1929 2691 1995 refertur
2734 1948 2810 1993 ac
2853 1928 2999 1993 idea
3041 1930 3106 1993 A

481 2019 627 2100 (per
671 2017 865 2099 Prop.
910 2020 1014 2083 20.
1061 2017 1274 2103 hujus,
1317 2021 1500 2104 cujus
1559 2017 2026 2084 Demonstratio
2082 2017 2458 2083 universalis
2514 2023 2646 2098 est).
2708 2018 2797 2082 At
2856 2017 3000 2082 idea
3042 2018 3103 2081 A

480 2106 561 2169 ad
625 2104 837 2175 Deum
902 2107 1125 2173 referri
1191 2111 1592 2192 supponitur,
1652 2113 1972 2192 quatenus
2029 2127 2143 2191 per
2185 2112 2482 2172 naturam
2528 2106 2764 2173 Mentis
2805 2106 3104 2171 humanae

480 2195 871 2279 explicatur3
944 2215 1097 2280 ergo
1164 2199 1351 2262 etiam
1422 2198 1567 2262 idea
1632 2198 1792 2262 ideae
1862 2199 1925 2261 A
1992 2197 2072 2260 ad
2140 2194 2352 2261 Deum
2415 2196 2636 2262 eodem
2683 2195 2871 2260 modo
2917 2195 3104 2261 debet

478 2283 734 2367 referri3
782 2287 902 2349 hoc
947 2291 1043 2351 est
1093 2286 1243 2367 (per
1285 2286 1447 2352 idem
1494 2285 1713 2352 Coroll.
1757 2285 1953 2370 Prop.
2002 2285 2105 2349 11.
2151 2284 2393 2370 hujtos),
2430 2287 2565 2350 haec
2604 2284 2938 2370 adaequata
2958 2285 3103 2350 idea

481 2372 641 2437 ideae
699 2375 764 2438 A
808 2376 928 2440 erit
969 2377 1038 2438 in
1085 2376 1224 2460 ipsa
1270 2375 1503 2458 Mente,
1552 2396 1697 2460 quae
1740 2375 1952 2440 ideam
1998 2374 2398 2460 adaequatam
2435 2376 2500 2439 A
2545 2372 2767 2456 habet5
2815 2373 3104 2458 adeoque

480 2465 594 2545 qui
638 2463 1036 2548 adaequatam
1083 2464 1273 2529 habet
1316 2464 1545 2547 ideam,
1591 2467 1729 2530 sive
1774 2469 1925 2545 (per
1969 2462 2165 2544 Prop.
2214 2463 2318 2527 34.
2364 2462 2587 2548 hujus)
2635 2462 2747 2547 qui
2783 2481 2931 2529 vere
2966 2482 3102 2528 rem

477 2554 820 2636 cognoscit,
875 2552 1060 2619 debet
1104 2554 1300 2619 simul
1346 2573 1481 2619 suae
1527 2554 1912 2638 cognitionis
1959 2552 2361 2637 adaequatam
2407 2552 2644 2618 habere
2687 2552 2916 2635 ideam,
2961 2553 3098 2617 sive

476 2659 692 2704 veram
754 2643 1213 2727 cognitionem3
1278 2644 1399 2707 hoc
1446 2647 1545 2708 est
1587 2647 1684 2722 (ut
1721 2662 1838 2724 per
1881 2662 1948 2707 se
1989 2641 2444 2726 manifestum),
2489 2641 2675 2707 debet
2722 2641 2916 2706 simul
2961 2659 3102 2707 esse

477 2734 709 2795 certus.
759 2728 828 2810 Q.
875 2730 952 2795 E.
998 2729 1082 2795 D.

1554 2838 2030 2884 senonum.

561 2906 640 2970 In
710 2907 963 2972 Scholio
1031 2908 1497 2992 Propositionis
1568 2910 1670 2972 21.
1730 2909 1929 2991 hujus
1989 2908 2199 2973 Partis
2261 2908 2564 2992 explicui,
2611 2907 2770 2994 quid
2827 2909 2911 2972 sit
2954 2908 3101 2973 idea

475 2995 664 3076 ideae3
713 2998 826 3075 sed
871 2998 1245 3080 notandum,
1290 2997 1752 3082 praecedentem
1796 2998 2309 3082 Propositionem
2355 3017 2470 3083 per
2515 3015 2585 3063 se
2623 2997 2779 3062 satis
2803 3014 2944 3062 esse
2966 3017 3098 3061 ma-

475 3083 786 3150 nifestam.
851 3086 1018 3151 Nam
1089 3105 1298 3169 nemo,
1363 3088 1478 3171 qui
1547 3106 1764 3152 veram
1810 3087 2005 3152 habet
2046 3086 2276 3170 ideam,
2322 3088 2575 3171 ignorat
2620 3105 2837 3152 veram
2883 3086 3095 3151 ideam

474 3193 790 3239 summam
859 3175 1306 3240 certitudinem
1373 3176 1737 3257 involvere3
1808 3195 2028 3241 veram
2074 3194 2358 3259 namque
2403 3173 2636 3240 habere
2678 3175 2888 3241 ideam
2934 3176 3095 3239 nihil

473 3263 650 3327 aliud
715 3263 1051 3349 significat,
1099 3285 1294 3350 quam
1339 3264 1616 3350 perfecte
1662 3266 1801 3330 sive
1846 3267 2082 3350 optime
2126 3283 2263 3329 rem
2312 3282 2726 3350 cognoscere;
2778 3283 2898 3330 nec
2931 3283 3095 3349 ,sane

474 3353 707 3435 aliquis
753 3354 834 3418 de
880 3354 998 3418 hac
1041 3373 1114 3418 re
1159 3353 1451 3419 dubitare
1497 3358 1722 3438 potest,
1769 3354 1899 3420 nisi
1943 3356 2139 3438 putet,
2183 3353 2392 3418 ideam
2434 3353 2591 3438 quid
2617 3358 2868 3417 mutum
2891 3354 3095 3418 instar

472 3443 737 3524 picturae
793 3444 863 3506 in
921 3442 1158 3526 tabula,
1204 3448 1267 3508 et
1311 3463 1444 3507 non
1490 3444 1754 3507 modum
1801 3442 2126 3528 cogitandi
2172 3461 2330 3526 esse,
2376 3462 2606 3527 nempe
2649 3444 2863 3526 ipsum
2910 3443 3095 3507 intel-

471 3530 695 3613 ligere;
767 3537 849 3614 et,
916 3551 1155 3616 quaeso,
1223 3534 1370 3616 quis
1429 3533 1594 3597 scire
1653 3537 1880 3616 potest,
1925 3551 1996 3597 se
2038 3550 2170 3597 rem
2213 3533 2497 3616 aliquam
2541 3531 2919 3616 intelligere,
2965 3532 3094 3596 nisi

471 3622 646 3702 prius
714 3639 849 3685 rem
917 3622 1281 3705 intelligat?
1341 3622 1463 3685 hoc
1509 3626 1625 3702 est,
1671 3623 1820 3705 quis
1864 3626 2071 3706 potest
2117 3621 2300 3704 scire,
2345 3639 2415 3687 se
2461 3622 2540 3686 de
2583 3622 2802 3705 aliqua
2844 3640 2916 3686 re
2960 3639 3094 3686 cer-

469 3713 608 3773 tum
655 3728 815 3792 esse,
857 3711 987 3774 nisi
1030 3713 1212 3794 prius
1257 3710 1335 3776 de
1381 3729 1456 3775 ea
1498 3728 1569 3775 re
1616 3715 1830 3776 certus
1870 3711 2000 3776 sit?
2042 3708 2290 3775 Deinde
2330 3711 2488 3795 quid
2515 3709 2659 3775 idea
2680 3729 2833 3775 vera
2855 3711 3092 3776 clarius

471 3802 533 3861 et
599 3801 836 3863 certius
880 3799 1018 3863 dari
1063 3804 1290 3883 potest,
1336 3799 1509 3882 quod
1554 3817 1781 3864 norma
1826 3801 1910 3864 sit
1956 3800 2241 3865 veritatis
2257 3799 2288 3862 P
2336 3799 2504 3865 Sane
2550 3800 2717 3865 sicut
2760 3799 2881 3864 lux
2927 3800 3089 3883 seip-

472 3905 605 3951 sam
670 3892 734 3953 et
791 3888 1088 3954 tenebras
1151 3887 1529 3970 manifestat,
1572 3889 1666 3953 sic
1712 3889 1948 3954 veritas
1993 3908 2219 3953 norma
2264 3891 2368 3954 sui
2415 3893 2479 3954 et
2523 3887 2669 3953 falsi
2714 3892 2826 3953 est.
2873 3889 3093 3972 Atque

471 3975 568 4040 his
616 3996 718 4042 me
763 3977 841 4041 ad
888 3979 1004 4043 has
1051 3979 1438 4061 quaestiones
1482 3977 1888 4061 respondisse
1933 3981 2125 4062 puto;
2173 3996 2419 4063 nempe,
2466 3979 2524 4042 si
2558 3977 2704 4042 idea
2741 3996 2908 4060 vera,
2934 3997 3090 4061 qua-

471 4068 656 4130 tenus
721 4070 975 4131 tantum
1045 4066 1280 4131 dicitur
1319 4086 1466 4131 cum
1529 4085 1647 4131 suo
1693 4067 1903 4131 ideato
1951 4069 2311 4148 convenire,
2356 4087 2394 4130 a
2439 4066 2603 4131 falsa
2650 4065 3090 4150 distinguitur,

469 4154 629 4217 nihil
691 4173 841 4239 ergo
901 4155 1208 4220 realitatis
1255 4160 1367 4220 aut
1410 4153 1817 4239 perfectionis
1862 4156 2007 4222 idea
2050 4175 2202 4222 vera
2247 4155 2437 4221 habet
2480 4175 2610 4241 prae
2652 4154 2816 4220 falsa
2859 4161 3089 4240 (quan-

472 4242 812 4327 doquidem
879 4264 992 4329 per
1058 4245 1258 4310 solam
1332 4244 1915 4310 denominationem
1976 4247 2401 4311 extrinsecam
2450 4245 2981 4330 distinguuntur),
3027 4250 3091 4310 et

469 4338 932 4416 consequenter
976 4352 1188 4418 neque
1232 4335 1423 4398 etiam
1471 4334 1681 4417 homo,
1727 4336 1842 4419 qui
1886 4353 2090 4417 veras,
2135 4354 2266 4418 prae
2301 4335 2431 4417 illo,
2472 4335 2586 4418 qui
2621 4332 2813 4398 falsas
2835 4338 3088 4398 tantum

468 4420 642 4486 ideas
710 4421 917 4488 habet.
985 4422 1253 4505 Deinde,
1319 4422 1491 4487 unde
1556 4423 1647 4506 fit,
1709 4429 1782 4488 ut
1842 4424 2133 4489 homines
2175 4423 2368 4488 falsas
2414 4423 2685 4488 habeant
2730 4422 2909 4488 ideas
2926 4422 2957 4485 P
3004 4423 3090 4488 Et

470 4509 765 4594 denique,
834 4512 1006 4578 unde
1073 4512 1307 4596 aliquis
1383 4516 1556 4576 certo
1619 4514 1784 4577 scire
1844 4517 2071 4596 potest,
2118 4531 2188 4577 se
2230 4512 2407 4576 ideas
2452 4511 2701 4594 habere,
2747 4531 2891 4596 quae
2937 4531 3088 4576 cum

466 4600 604 4663 suis
664 4600 891 4666 ideatis
944 4599 1379 4667 conveniant?
1425 4602 1514 4666 At
1557 4601 1694 4683 haS,
1739 4603 2027 4685 inquam,
2073 4602 2462 4685 quaestiones
2510 4619 2613 4666 me
2650 4602 2784 4684 jam
2828 4619 3088 4685 respon-

470 4687 638 4752 disse
705 4694 879 4772 puto.
946 4689 1111 4755 Nam
1183 4690 1355 4775 quod
1416 4691 1496 4754 ad
1560 4689 1981 4755 differentiam
2025 4692 2194 4756 inter
2237 4690 2445 4755 ideam
2492 4708 2707 4755 veram
2754 4693 2818 4754 et
2858 4689 3086 4755 falsam

466 4779 710 4859 attinet,
770 4783 1017 4844 constat
1069 4798 1153 4845 ex
1198 4779 1643 4862 Propositione
1689 4780 1791 4843 35.
1838 4780 2051 4862 huius,
2097 4780 2271 4844 illam
2320 4780 2401 4845 ad
2445 4780 2611 4843 hanc
2655 4797 2796 4845 sese
2837 4778 3089 4862 habere,

467 4870 541 4930 ut
607 4884 723 4931 ens
769 4867 849 4932 ad
895 4886 1029 4933 non
1074 4887 1206 4934 ens‚
1253 4867 1575 4934 Falsitatis
1620 4872 1836 4934 autem
1882 4888 2111 4935 causas
2156 4889 2195 4935 a
2239 4867 2682 4954 Propositione
2729 4869 2831 4932 19.
2878 4887 3088 4953 usque
