3609 5642
1376 546 1459 590 nn
1503 545 1835 592 snnvmrrn
1878 548 2154 593 mnu.
2940 532 3067 596 137

452 716 803 801 Cupiditas,
851 734 994 799 quse
1040 732 1124 779 ex
1169 714 1391 779 eodem
1437 714 1667 779 affectu
1713 716 1938 797 oritur,
1981 716 2263 799 reliquas
2311 715 2702 800 Cupiditates
2749 736 3072 802 superare,

450 826 527 870 ac
569 805 836 890 proinde
880 803 1155 869 eundem
1201 821 1544 868 excessum
1588 802 1823 868 habere
1866 806 2113 888 poterit,
2159 823 2351 888 quem
2387 806 2456 869 in
2495 806 2875 890 praecedenti
2914 807 3072 871 Pro-

450 896 767 979 positione
809 893 1258 958 Titillationem
1304 891 1537 958 habere
1582 892 1999 958 ostendimus.
2050 892 2118 973 Q.
2165 893 2245 958 E.
2292 892 2374 957 D.

1536 1023 2012 1069 SGHOLIUM.

541 1105 865 1188 Hilaritas,
912 1123 1106 1189 quam
1152 1103 1381 1168 bonam
1424 1123 1567 1169 esse
1606 1105 1762 1187 dixi,
1787 1106 2144 1189 concipitur
2177 1104 2433 1171 facilius
2457 1126 2650 1190 quam
2678 1106 3071 1172 observatur.

451 1194 620 1260 Nam
678 1194 960 1276 affectus,
1022 1192 1260 1276 quibus
1322 1193 1609 1277 quotidie
1654 1192 2114 1276 conflictamur,
2158 1193 2524 1260 referuntur
2567 1197 2947 1280 plerumque
2976 1198 3074 1261 'ad

454 1285 739 1368 aliquam
786 1283 1081 1367 Corporis
1125 1288 1387 1366 partem,
1435 1302 1580 1366 quse
1625 1303 1759 1366 prae
1806 1284 2074 1366 reliquis
2112 1282 2422 1365 afficitur,
2468 1304 2542 1349 ac
2586 1286 2852 1369 proinde
2889 1285 3078 1350 affec-

455 1379 562 1438 tus
627 1378 703 1438 ut
768 1373 1121 1457 plurimum
1182 1389 1522 1436 excessum
1569 1371 1824 1455 habent,
1869 1377 1932 1437 et
1976 1372 2256 1437 Mentem
2302 1374 2371 1436 in
2418 1374 2554 1438 sola
2602 1375 2797 1440 unius
2845 1374 3074 1458 objecti

454 1462 987 1545 contemplatione
1053 1462 1142 1524 ita
1210 1460 1514 1543 detinent,
1562 1466 1632 1525 ut
1679 1460 1758 1525 de
1802 1462 1944 1526 aliis
1990 1463 2267 1545 cogitare
2309 1466 2619 1545 nequeat3
2668 1467 2730 1528 et
2778 1466 3075 1547 quamvis

456 1552 751 1616 homines
818 1548 1114 1634 pluribus
1161 1549 1493 1615 affectibus
1539 1548 1805 1614 obnoxii
1851 1553 1998 1632 sint,
2044 1554 2237 1633 atque
2283 1550 2438 1616 adeo
2484 1553 2613 1615 rari
2658 1554 3077 1635 reperiantur,

460 1643 575 1724 qui
640 1658 892 1724 semper
957 1657 1089 1704 uno
1156 1639 1509 1722 eodemque
1576 1638 1804 1704 affectu
1875 1637 2340 1719 conflictentur,
2385 1659 2514 1705 non
2564 1640 2799 1706 desunt
2842 1646 3076 1725 tamen,

460 1728 698 1814 quibus
766 1748 939 1793 unus
1007 1728 1308 1811 idemque
1374 1727 1639 1793 affectus
1698 1729 2107 1813 pertinaciter
2164 1728 2495 1794 adhaereat.
2542 1729 2856 1795 Videmus
2902 1733 3074 1795 enim

461 1818 754 1883 homines
799 1816 1145 1901 aliquando
1193 1815 1271 1880 ab
1320 1836 1450 1881 uno
1497 1816 1742 1900 objecto
1788 1818 1878 1881 ita
1922 1816 2108 1900 affici,
2152 1822 2226 1882 ut
2274 1817 2569 1901 quamvis
2614 1837 2897 1902 praesens
2943 1839 3074 1885 non

460 1909 562 1990 sit,
627 1908 840 1990 ipsum
908 1911 1121 1971 tamen
1190 1925 1403 1970 coram
1470 1905 1703 1971 habere
1761 1906 2055 1987 credant3
2119 1907 2291 1989 quod
2353 1907 2609 1990 quando
2656 1909 2900 1972 homini
2945 1928 3075 1972 non

460 1997 799 2061 dormienti
864 1994 1111 2076 accidit,
1179 1995 1456 2059 eundem
1518 1994 1786 2060 delirare
1848 1995 2123 2059 dicimus
2183 1996 2284 2060 vel
2329 1996 2648 2077 insanire3
2693 2016 2813 2062 nec
2860 1998 3078 2061 minus

460 2087 745 2150 insanire
789 2085 1157 2166 creduntur,
1203 2086 1318 2167 qui
1363 2085 1604 2148 Amore
1650 2085 1894 2166 ardent,
1939 2085 2182 2167 quique
2226 2090 2446 2150 noctes
2485 2090 2677 2168 atque
2717 2086 2853 2151 dies
2877 2087 3075 2151 solam

461 2176 767 2239 amasiam
811 2174 916 2238 vel
962 2175 1356 2238 meretricem
1404 2175 1745 2256 somniant,
1790 2175 1945 2257 quia
1988 2174 2189 2238 risum
2240 2192 2495 2239 movere
2540 2175 2766 2239 solent.
2805 2177 2893 2239 At
2929 2194 3078 2239 cum

460 2282 695 2327 avarus
763 2261 843 2326 de
909 2262 1090 2327 nulla
1157 2261 1283 2348 alia
1350 2281 1437 2345 re,
1497 2281 1691 2346 quam
1751 2262 1831 2327 de
1887 2263 2069 2326 lucro
2115 2262 2220 2326 vel
2266 2263 2346 2327 de
2388 2265 2671 2328 nummis
2719 2266 2971 2349 cogitet,
3016 2268 3080 2329 et

460 2351 841 2416 ambitiosus
910 2351 989 2415 de
1054 2351 1275 2434 gloria,
1341 2356 1477 2433 etc.,
1544 2351 1612 2414 hi
1678 2369 1810 2415 non
1872 2352 2223 2416 creduntur
2282 2351 2567 2435 delirare,
2614 2353 2765 2436 quia
2825 2353 3078 2418 molesti

462 2442 671 2506 solent
736 2458 895 2524 esse,
956 2444 1020 2504 et
1081 2438 1244 2505 Odio
1304 2440 1482 2524 digni
1530 2441 1947 2505 aestimantur.
1992 2439 2117 2505 Sed
2154 2458 2376 2506 revera
2421 2443 2729 2523 Avaritia,
2772 2440 3079 2524 Ambitio,

459 2529 705 2612 Libido,
751 2534 866 2594 etc.
913 2528 1122 2593 delirii
1168 2530 1411 2613 species
1455 2535 1626 2611 sunt,
1665 2531 1963 2613 quamvis
1999 2530 2166 2594 inter
2205 2529 2463 2595 morbos
2485 2549 2615 2595 non
2640 2535 3080 2595 numerentur.

1289 2676 1982 2743 PROPOSITIO
2071 2677 2272 2743 XLV.

558 2788 782 2857 Odium
824 2809 1153 2877 nunquam
1191 2794 1390 2871 potest
1431 2809 1558 2855 esse
1601 2789 1844 2855 bonum.

1428 2924 2144 2971 DEMONSTRATIQ

550 3005 914 3088 Hominem,
975 3025 1169 3090 quem
1229 3006 1502 3088 odimus,
1546 3005 1872 3072 destruere
1934 3025 2240 3071 conamur
2288 3010 2434 3091 (per
2478 3008 2664 3089 Prop.
2714 3008 2816 3071 39.
2853 3028 2920 3092 p.
2970 3007 3070 3090 3.),

461 3096 582 3249 hpc
628 3101 723 3265 ert
745 3094 1150 3250 ὲρεὲΡνορ.
1196 3094 1300 3159 37.
1344 3094 1555 3178 hujus)
1601 3096 1848 3178 aliquid
1892 3114 2216 3179 conamur,
2255 3098 2430 3180 quod
2469 3098 2709 3161 malum
2750 3102 2880 3179 est3
2907 3097 3079 3181 Ergo

463 3203 499 3249 e
527 3205 580 3251 c.
685 3233 699 3248 .
812 3232 827 3248 .
943 3232 957 3247 .

1549 3293 2027 3339 SOHOLIUM.

550 3372 738 3459 Nota,
785 3392 887 3438 me
939 3374 1044 3438 hic
1090 3380 1154 3439 et
1197 3377 1266 3438 in
1313 3394 1489 3459 seqq.
1535 3394 1651 3460 per
1698 3373 1934 3440 Odium
1980 3374 2143 3439 illud
2189 3379 2441 3440 tantum
2485 3376 2862 3459 intelligere,
2910 3376 3084 3460 quod

464 3467 563 3528 est
608 3482 758 3548 erga
803 3464 1113 3529 homines.

1386 3571 2027 3618 cononnARIUM
2106 3553 2156 3618 L

552 3653 823 3735 Invidia,
885 3652 1127 3737 Irrisio,
1189 3653 1627 3739 ContemptuS,
1687 3654 1812 3738 Ira,
1872 3654 2194 3738 Vindicta,
2239 3660 2303 3718 et
2361 3654 2593 3737 reliqui
2637 3653 2921 3736 affectuS,
2968 3655 3081 3736 qui

466 3742 547 3806 ad
608 3740 844 3806 Odium
904 3742 1273 3807 referuntur
1325 3744 1428 3808 vel
1473 3763 1558 3809 ex
1604 3745 1825 3810 eodem
1874 3746 2191 3827 oriuntur,
2237 3744 2388 3807 mali
2434 3748 2618 3824 sunt;
2669 3742 2845 3827 quod
2892 3742 3080 3807 etiam

466 3849 552 3896 ex
597 3831 783 3916 Prop.
833 3832 934 3896 39.
980 3852 1039 3917 p.
1089 3833 1147 3897 3.
1193 3837 1256 3897 et
1302 3832 1488 3917 Prop.
1537 3833 1639 3897 37.
1685 3833 1882 3916 hujus
1927 3836 2115 3917 patet.

1369 3965 2021 4011 cononnxruun
2106 3944 2191 4010 H.

558 4044 881 4131 Quicquid
948 4066 1031 4113 ex
1100 4066 1195 4130 ec,
1254 4048 1429 4131 quod
1489 4047 1635 4112 odio
1696 4047 1903 4112 affecti
1947 4067 2193 4130 sumus,
2237 4047 2612 4132 appetimus,
2656 4051 2860 4129 turpe,
2906 4049 2968 4109 et
3012 4045 3080 4107 in

466 4133 738 4200 Civitate
781 4137 1097 4219 injustum
1143 4139 1255 4201 est.
1304 4135 1491 4213 Quod
1537 4137 1726 4201 etiam
1771 4140 1943 4220 patet
1988 4154 2071 4200 ex
2116 4136 2306 4220 Prop.
2348 4136 2449 4199 39.
2486 4155 2545 4219 p.
2589 4136 2645 4199 3.
2684 4139 2852 4200 etex
2878 4132 3082 4198 Defin.

467 4226 675 4308 turpis
721 4228 783 4289 et
826 4226 1070 4308 injusti,
1116 4245 1277 4309 quas
1324 4226 1471 4291 vide
1515 4227 1584 4289 in
1630 4226 1904 4291 Scholiis
1948 4223 2134 4309 Prop.
2183 4226 2284 4289 37.
2330 4225 2543 4307 hujus,

1545 4357 2011 4404 SOHOLIUM.

555 4437 733 4503 Inter
798 4436 1168 4504 Irrisionem
1237 4444 1453 4522 (quam
1523 4441 1592 4503 in
1659 4438 1709 4502 Ι.
1771 4438 1998 4503 Coroll.
2060 4438 2288 4502 malam
2352 4455 2491 4501 esse
2550 4435 2710 4517 dixi)
2772 4440 2836 4500 et
2878 4437 3084 4501 risum

470 4546 766 4611 magnam
836 4547 1112 4611 agnosco
1174 4528 1609 4593 differentiam.
1668 4526 1835 4591 Nam
1881 4528 2071 4609 risuS,
2120 4530 2191 4591 ut
2238 4531 2301 4590 et
2338 4528 2543 4609 jocuS,
2590 4543 2763 4590 mera
2809 4529 2905 4590 est
2950 4524 3084 4588 Lae-

466 4616 638 4696 titia3
688 4616 992 4699 adeoque,
1040 4618 1227 4681 modo
1273 4636 1608 4682 excessum
1656 4636 1784 4680 non
1834 4615 2079 4697 habeat,
2123 4633 2235 4699 per
2276 4632 2345 4679 se
2368 4614 2575 4679 bonus
2600 4619 2696 4678 est
2716 4618 2867 4698 (per
2889 4612 3084 4697 Prop.

467 4704 573 4768 41.
618 4704 851 4789 hujus).
897 4704 1074 4769 Nihil
1119 4706 1399 4790 profecto
1444 4707 1570 4770 nisi
1615 4710 1799 4770 torva
1847 4711 1908 4770 et
1953 4706 2155 4769 tristis
2193 4704 2561 4788 superstitio
2603 4704 2902 4769 delectari
2940 4721 3083 4787 pro-

466 4793 660 4859 hibet.
707 4794 875 4859 Nam
914 4798 1034 4878 qui
1081 4797 1285 4881 magis
1332 4796 1513 4860 decet
1553 4794 1785 4860 famem
1835 4799 1900 4858 et
1946 4795 2117 4858 sitim
2164 4794 2561 4876 extinguere,
2607 4812 2797 4876 quam
2845 4792 3083 4856 melan-

467 4883 742 4948 choliam
811 4884 1130 4968 expellere
1148 4884 1180 4949 Ρ
1246 4883 1390 4951 Mea
1444 4885 1580 4948 haec
1625 4888 1723 4949 est
1767 4884 1947 4968 ratio,
1990 4887 2054 4949 et
2100 4883 2192 4949 sic
2238 4883 2525 4948 animum
2569 4881 2804 4947 induxi
2848 4898 3083 4945 meum.
