3609 5642
1365 499 1447 544 nn
1492 498 1821 545 smmum
1865 499 2139 544 numm.
2925 479 3051 544 131

438 669 704 748 queunt,
770 667 860 728 ita
920 668 995 729 ut
1055 664 1381 748 plerisque
1425 665 1536 729 illa
1583 664 1886 749 definitio,
1933 664 2107 749 qnod
2154 665 2343 729 homo
2391 667 2476 730 sit
2521 666 2760 731 animal
2806 666 3056 747 sociale,

438 753 624 818 valde
692 755 1004 835 arriserit3
1081 760 1143 818 et
1187 773 1412 819 revera
1455 773 1558 820 res
1601 756 1692 819 ita
1735 773 1804 820 se
1847 754 2055 837 habet,
2102 758 2175 818 ut
2220 773 2304 818 ex
2346 755 2682 820 hominum
2730 755 3057 819 communi

436 844 738 907 societate
793 843 994 907 multo
1041 843 1227 927 plura
1271 843 1603 907 commoda
1649 845 1958 927 oriantur,
1999 862 2192 927 quam
2232 843 2479 907 damna.
2525 842 2799 909 Rideant
2840 845 3058 928 igitur,

439 936 754 1015 quantum
803 932 1021 1013 velint,
1067 951 1169 997 res
1215 933 1532 997 humanas
1579 931 1871 1014 Satyrici,
1917 951 2154 1016 easque
2203 932 2598 998 detestentur
2639 932 2955 1016 Theologi,
2994 937 3058 996 et

435 1020 717 1102 laudent,
788 1025 1100 1104 quantum
1162 1026 1450 1104 possunt,
1512 1019 1957 1085 Melancholici
2016 1023 2211 1085 vitam
2259 1022 2571 1087 incultam
2618 1026 2681 1087 et
2724 1026 3056 1106 agrestem,

434 1110 858 1192 hominesque
915 1114 1347 1192 contemnant,
1393 1115 1456 1175 et
1500 1110 1898 1174 admirentur
1942 1109 2161 1191 bruta3
2211 1113 2622 1195 experientur
2668 1115 2902 1194 tamen,
2946 1111 3056 1174 ho-

439 1199 647 1262 mines
716 1202 940 1262 mutuo
1003 1199 1249 1264 auxilio
1310 1218 1401 1281 ea,
1461 1198 1700 1282 quibus
1746 1199 2054 1283 indigent,
2103 1199 2304 1263 multo
2348 1198 2604 1265 facilius
2650 1199 2774 1264 sibi
2818 1218 3059 1283 parare,

435 1292 501 1352 et
568 1305 697 1350 non
767 1288 896 1352 nisi
956 1289 1199 1370 Junctis
1268 1286 1516 1353 viribus
1583 1288 1882 1372 pericula,
1942 1306 2089 1371 quoe
2149 1287 2394 1372 ubique
2452 1290 2809 1372 imminent,
2858 1290 3059 1353 vitare

436 1394 661 1460 posse3
709 1381 785 1440 ut
822 1378 956 1458 jam
1000 1382 1263 1459 taceam,
1310 1375 1484 1460 quod
1530 1377 1733 1442 multo
1777 1376 2206 1460 praestabilius
2244 1379 2346 1457 sit,
2367 1381 2431 1442 et
2453 1378 2818 1462 cognitione
2840 1381 3059 1442 nostra

432 1466 642 1549 magis
713 1465 999 1549 dignum,
1060 1466 1414 1547 hominum,
1476 1484 1671 1549 quam
1732 1463 2072 1530 brutorum
2115 1465 2283 1531 facta
2327 1467 2756 1551 contemplari.
2805 1465 2930 1532 Sed
2977 1466 3058 1531 de

434 1555 540 1618 his
587 1554 745 1619 alias
791 1554 1125 1638 prolixius.
1356 1583 1359 1585 ’

1199 1640 1897 1707 PROPOSITIO
1987 1641 2305 1707 XXXVI.

521 1752 848 1819 Summum
892 1754 1118 1820 bouum
1162 1774 1389 1839 eorum,
1434 1755 1551 1843 qui
1591 1756 1886 1821 virtutem
1929 1760 2270 1841 sectantur,
2307 1756 2591 1823 omnibus
2613 1776 2927 1822 commune
2948 1761 3056 1842 est,

432 1862 625 1931 eoque
668 1864 875 1909 omnes
921 1864 1096 1930 aeque
1136 1846 1411 1928 yaudere
1452 1851 1737 1930 possunt.
1887 1835 1906 1867 ³

1386 1977 2105 2023 DEMONSTRA'MO.

518 2057 622 2121 Ex
666 2059 907 2123 virtute
952 2076 1139 2142 agere
1185 2063 1282 2124 est
1327 2078 1411 2125 ex
1458 2059 1662 2124 ductu
1705 2059 1996 2124 Rationis
2043 2078 2229 2143 agere
2278 2058 2415 2142 (per
2459 2058 2652 2143 Prop.
2690 2059 2794 2123 24.
2819 2058 3058 2143 hujus),

433 2151 498 2210 et
567 2147 878 2231 quicquid
940 2167 1021 2212 ex
1072 2147 1346 2212 Ratione
1390 2166 1697 2212 conamur
1742 2167 1946 2232 agere,
1991 2155 2087 2213 est
2132 2149 2489 2232 intelligere
2535 2151 2668 2232 (per
2710 2147 2905 2233 Prop.
2952 2150 3055 2212 26.

433 2234 686 2317 hujus);
731 2241 928 2320 atque
973 2236 1131 2301 adeo
1181 2240 1315 2321 (per
1359 2236 1550 2322 Prop.
1599 2238 1702 2301 28.
1748 2236 1967 2321 hujus)
2014 2257 2341 2302 summum
2382 2236 2623 2302 bonum
2663 2256 2903 2321 eorum,
2944 2241 3056 2322 qui

433 2327 741 2390 virtutem
790 2331 1134 2409 sectantur,
1180 2331 1276 2391 est
1318 2324 1530 2390 Deum
1577 2345 1977 2410 cognoscere,
2021 2327 2142 2390 hoc
2189 2331 2285 2392 est
2329 2331 2467 2411 (per
2511 2325 2707 2410 Prop.
2751 2326 2855 2391 4'7.
2890 2346 2953 2411 p.
2995 2328 3055 2390 2.

432 2420 492 2478 et
555 2415 831 2498 ejusdem
892 2412 1112 2493 Schol.)
1159 2415 1419 2497 bonum,
1466 2415 1637 2499 quod
1683 2415 1984 2480 omnibus
2031 2415 2401 2481 hominibus
2447 2434 2788 2479 commune
2834 2421 2947 2499 est,
2994 2422 3058 2482 et

435 2502 517 2566 ab
564 2503 865 2568 omnibus
909 2503 1299 2587 hominibuS,
1347 2510 1670 2588 quatenus
1716 2504 2003 2587 ejusdem
2043 2510 2195 2569 sunt
2233 2508 2499 2588 naturae,
2522 2504 2835 2589 possideri
2873 2524 3058 2589 aeque

436 2596 662 2676 potest.
714 2590 783 2671 Q.
829 2592 910 2657 E.
957 2590 1041 2658 D.

1523 2700 1992 2747 senonum.

520 2779 590 2844 Si
637 2784 785 2865 quis
830 2785 1047 2846 autem
1092 2786 1289 2867 roget,
1336 2782 1493 2866 quid
1540 2784 1596 2848 si
1641 2802 1971 2847 summum
2018 2782 2258 2848 bonum
2305 2802 2548 2865 eorum,
2596 2783 2712 2867 qui
2752 2783 3053 2848 virtutem

431 2875 772 2953 sectantur,
833 2889 962 2934 non
1010 2878 1179 2937 esset
1225 2870 1529 2936 omnibus
1576 2872 1966 2937 commune?
2013 2893 2095 2937 an
2139 2893 2271 2937 non
2316 2872 2483 2955 inde,
2530 2876 2605 2936 ut
2649 2891 2845 2956 supra
2889 2872 3052 2953 (vide

429 2959 621 3039 Prop.
667 2959 769 3023 34.
817 2957 1053 3043 hujus),
1121 2965 1518 3044 sequeretur,
1589 2961 1761 3045 quod
1829 2962 2139 3044 homineS,
2208 2964 2326 3046 qui
2385 2980 2468 3027 ex
2516 2961 2717 3026 ductu
2762 2959 3053 3026 Rationis

430 3050 679 3132 vivunt,
741 3050 861 3113 hoc
921 3054 1018 3113 est
1063 3052 1210 3130 (per
1253 3048 1447 3129 Prop.
1495 3049 1598 3113 35.
1645 3048 1860 3135 huJ'us)
1903 3050 2214 3134 homines,
2259 3055 2578 3134 quatenus
2621 3054 2853 3115 natura
2900 3070 3050 3114 con-

429 3139 720 3219 veniunt,
778 3142 993 3203 essent
1037 3140 1317 3204 invicem
1364 3139 1712 3202 contrarii?
1758 3138 1825 3203 Is
1871 3140 1990 3203 hoc
2036 3138 2160 3205 sibi
2204 3158 2584 3223 responsum
2629 3137 2875 3222 habeat,
2919 3158 3051 3203 non

427 3244 513 3291 ex
572 3226 907 3308 accidenti,
966 3228 1079 3292 sed
1138 3247 1223 3294 ex
1267 3230 1410 3311 ipsa
1455 3231 1682 3292 natura
1725 3226 2017 3293 Rationis
2063 3229 2235 3310 oriri,
2280 3232 2353 3292 ut
2397 3228 2677 3292 hominis
2725 3248 3052 3293 summum

427 3314 670 3378 bonum
718 3314 1018 3380 omnibus
1066 3318 1150 3381 sit
1194 3336 1554 3399 commune,
1598 3318 1904 3381 nimirum
1956 3318 2108 3401 quia
2153 3335 2238 3382 ex
2275 3318 2417 3401 ipsa
2453 3316 2734 3381 humana
2758 3319 3055 3400 essentia,

431 3409 751 3487 quatenus
818 3403 1094 3469 Ratione
1160 3404 1481 3488 definitur,
1551 3406 1922 3486 deducitur;
1995 3411 2058 3470 et
2122 3407 2274 3489 quia
2332 3407 2523 3469 homo
2581 3424 2700 3471 nec
2747 3424 2889 3471 esse
2933 3425 3055 3470 nec

435 3494 685 3576 concipi
744 3498 981 3577 posset,
1026 3495 1082 3557 si
1129 3500 1502 3578 potestatem
1550 3514 1680 3558 non
1725 3494 1987 3561 haberet
2028 3494 2352 3579 gaudendi
2395 3494 2517 3558 hoc
2563 3512 2817 3560 summo
2864 3493 3052 3558 bono.

434 3580 719 3646 Pertinet
780 3601 1060 3666 namque
1118 3588 1270 3664 (per
1314 3581 1507 3668 Prop.
1552 3582 1656 3646 47.
1700 3603 1760 3663 p.
1809 3584 1898 3663 2.)
1943 3582 2024 3648 ad
2069 3582 2301 3649 Mentis
2346 3584 2640 3647 humanae
2687 3584 3048 3666 essentiam,

435 3670 832 3754 adaequatam
877 3670 1110 3737 habere
1156 3673 1585 3756 cognitionem
1633 3677 1886 3738 aeternae
1932 3677 1997 3738 et
2042 3672 2308 3737 infinitae
2353 3673 2649 3738 essentiae
2694 3669 2830 3736 Dei.

1166 3806 1862 3874 PROPOSITIO
1952 3808 2301 3874 XXXVII.

522 3919 799 4003 Bonum,
843 3921 1011 4025 quod
1053 3922 1500 4008 unusquisque,
1545 3922 1655 4007 qui
1698 3926 1974 3987 sectatur
2017 3923 2325 4005 virtutem,
2362 3921 2480 3987 sibi
2514 3919 2767 4006 appetit,
2790 3919 3053 4006 reliquis·

434 4008 790 4075 homiuibus
825 4010 1013 4075 etiam
1051 4011 1268 4094 cupiet,
1306 4015 1366 4076 et
1387 4031 1455 4077 eo
1474 4012 1691 4094 mayiS,
1715 4031 1838 4098 quo
1858 4012 2160 4094 majorem
2181 4009 2304 4076 Dei
2324 4010 2608 4076 habuerit
2629 4009 3050 4095 coquitionem.

1393 4143 2105 4189 nnnonsrRATIo.

501 4210 852 4294 Homines,
898 4216 1214 4296 quatenus
1259 4231 1343 4278 ex
1388 4213 1584 4277 ductu
1631 4212 1922 4278 Rationis
1971 4214 2216 4295 vivunt,
2263 4216 2418 4277 sunt
2454 4211 2701 4275 homini
2725 4210 3054 4275 utilissimi

434 4301 580 4382 (per
631 4299 853 4366 Coroll.
902 4301 958 4365 1.
1008 4300 1203 4387 Prop.
1250 4301 1351 4366 35.
1398 4301 1643 4385 hujus),
1628 4325 1642 4337 ·
1700 4307 1894 4386 atque
1941 4301 2099 4367 adeo
2145 4307 2280 4385 (per
2323 4299 2516 4384 Prop
2562 4299 2665 4363 19.
2711 4298 2925 4382 hujus)
2970 4318 3055 4363 ex

433 4388 636 4454 ductu
704 4387 996 4454 Rationis
1063 4390 1438 4455 conabimur
1504 4393 1864 4456 necessario
1926 4390 2193 4473 efficere,
2252 4394 2327 4454 ut
2387 4389 2680 4453 homines
2723 4407 2808 4454 ex
2852 4388 3053 4453 ductu

432 4476 726 4543 Rationis
772 4480 1011 4544 vivant.
1057 4481 1147 4544 At
1193 4479 1452 4563 bonum,
1500 4480 1673 4565 quod
1717 4481 2192 4564 unusquisque,
2239 4480 2353 4563 qui
2397 4498 2482 4543 ex
2524 4477 2817 4542 Rationis
2857 4477 3053 4541 dicta-

434 4568 609 4632 mine
680 4569 861 4651 vivit,
931 4569 1053 4632 hoc
1112 4573 1209 4634 est
1251 4571 1386 4653 (per
1427 4569 1624 4652 Prop.
1672 4568 1776 4631 24.
1822 4567 2032 4652 hujus)
2079 4570 2193 4652 qui
2236 4569 2540 4633 virtutem
2586 4570 2882 4649 sectatur,
2928 4564 3054 4630 sibi

433 4655 693 4760 appetit,
737 4661 834 4722 est
875 4657 1236 4742 intelligere
1280 4665 1416 4743 (per
1457 4656 1653 4741 Prop.
1702 4657 1805 4720 26.
1853 4656 2097 4740 huyus);
2146 4676 2296 4740 ergo
2335 4656 2597 4738 bonum,
2635 4655 2809 4739 quod
2850 4673 3052 4719 unus·

436 4747 732 4828 quisque,
801 4747 917 4830 qui
979 4748 1280 4811 virtutem
1328 4750 1623 4829 sectatur,
1660 4746 1791 4831 ⁴sibi
1836 4748 2093 4830 appetit,
2136 4746 2402 4829 reliquis
2448 4741 2816 4809 hominibus
2863 4744 3052 4807 etiam

433 4835 668 4918 cupiet.
712 4831 962 4900 Deinde
1008 4833 1358 4920 Cupiditas,
1403 4841 1720 4920 quatenus
1766 4834 1848 4899 ad
1895 4833 2170 4900 Mentem
2209 4835 2497 4918 refertur,
2535 4842 2633 4899 est
2653 4835 2795 4918 ipsa
2818 4830 3052 4897 Mentis
