3609 5642
1355 518 1435 562 nn
1477 517 1813 563 snavnurn
1855 517 2131 563 numa.
2660 576 2667 586 ⁸
2923 498 3051 562 153

426 682 705 748 Mentem
773 703 904 748 non
972 683 1353 767 referuntur,
1422 685 1548 750 nisi
1619 689 1939 769 quatenus
2011 703 2112 750 res
2176 683 2583 768 inadaequate
2651 683 2944 767 concipit,
2990 688 3054 747 et

427 791 700 857 quarum
761 775 865 837 vis
925 779 988 838 et
1032 775 1498 839 incrementum
1547 792 1678 838 non
1725 775 2024 855 humana,
2071 773 2185 838 sed
2228 792 2465 854 rerum,
2511 791 2658 856 quae
2703 777 2886 837 extra
2935 791 3053 836 nos

427 866 599 943 sunt,
665 864 949 945 potentia
1015 862 1265 945 definiri
1335 863 1553 942 debet3
1624 868 1687 928 et
1753 864 1897 927 ideo
1944 862 2074 926 illae
2118 866 2288 927 recte
2334 864 2638 941 actiones,
2685 862 2786 925 hae
2834 866 3049 925 autem

424 951 755 1035 passiones
818 957 1160 1032 vocantur3
1226 951 1354 1016 illae
1401 971 1681 1037 namque
1725 956 2011 1016 nostram
2057 953 2407 1036 potentiam
2455 968 2706 1034 semper
2749 950 3059 1032 indicant,

424 1045 489 1105 et
533 1040 633 1103 hae
677 1045 897 1105 contra
943 1046 1223 1106 nostram
1268 1043 1708 1126 impotentiam
1756 1046 1822 1107 et
1869 1040 2226 1129 mutilatam
2272 1041 2720 1124 cognitionem.

1459 1189 1829 1255 CAPUT
1917 1189 2037 1254 III.

512 1303 575 1366 N
577 1308 765 1367 ostroe
807 1304 1108 1384 actiones,
1152 1304 1273 1368 hoc
1315 1309 1415 1369 est
1459 1303 1854 1388 cupiditates
1897 1303 2043 1380 illae,
2089 1322 2234 1386 quae
2281 1302 2560 1366 hominis
2604 1303 2888 1386 potentia
2935 1321 3052 1367 seu

423 1390 695 1457 Ratione
759 1391 1176 1475 definiuntur,
1241 1411 1493 1478 semper
1558 1392 1746 1457 bonae
1814 1387 1987 1476 sunt,
2057 1393 2327 1475 reliquae
2395 1396 2609 1456 autem
2676 1397 2808 1455 tam
2871 1391 3053 1455 bonae

427 1502 620 1566 quam
669 1482 856 1546 malas
901 1488 1178 1566 possunt
1223 1500 1380 1547 esse.

1463 1618 1833 1684 CAPUT
1923 1617 2037 1681 IV.

513 1742 590 1807 In
661 1745 792 1807 vita
859 1745 1077 1828 itaque
1144 1747 1431 1829 apprime
1477 1745 1636 1810 utile
1679 1749 1794 1826 est,
1839 1743 2235 1808 intellectum
2282 1761 2398 1807 seu
2442 1741 2802 1827 Rationem,
2848 1761 3053 1827 quan-

426 1837 565 1898 tum
637 1851 1002 1917 possumne,
1070 1833 1387 1918 perficere,
1430 1839 1493 1898 et
1536 1836 1604 1897 in
1651 1834 1770 1898 hoc
1816 1852 1948 1897 uno
1996 1851 2250 1897 summa
2296 1832 2576 1897 hominis
2613 1831 2889 1897 felicitas
2937 1851 3054 1897 seu

425 1921 751 1987 beatitudo
797 1923 1123 2003 consistit3
1174 1925 1412 2008 quippe
1458 1922 1786 1988 beatitudo
1834 1921 1996 1986 nihil
2044 1921 2220 1985 aliud
2266 1927 2382 2004 est,
2428 1940 2622 2005 quam
2670 1923 2812 2005 ipsa
2854 1923 3055 1987 animi

424 2012 917 2096 acquiescentia,
980 2031 1126 2097 quae
1188 2030 1270 2076 ex
1338 2010 1458 2078 Dei
1502 2013 1804 2076 intuitiva
1850 2012 2219 2097 cognitione
2265 2014 2502 2074 oritur:
2549 2015 2616 2074 at
2659 2011 3072 2076 intellectum·

423 2100 727 2185 perficere
810 2101 973 2163 nihil
1041 2102 1231 2167 etiam
1302 2101 1478 2166 aliud
1549 2106 1665 2183 est,
1731 2120 1927 2185 quam
1995 2097 2226 2181 Deum,
2295 2097 2546 2183 Deique
2615 2100 2922 2164 attributa
2990 2105 3055 2164 et

428 2191 732 2270 actiones,
802 2209 946 2273 quae
1013 2208 1096 2256 ex
1157 2192 1364 2275 ipsius
1412 2196 1660 2255 naturae
1704 2190 2084 2255 necessitate
2129 2193 2636 2273 consequuntur,
2678 2190 3055 2274 intelligere.

428 2277 642 2356 Quare
708 2279 1008 2361 hominis,
1076 2281 1190 2365 qui
1256 2278 1529 2344 Ratione
1598 2279 1877 2362 ducitur,
1943 2277 2094 2343 finis
2161 2278 2451 2360 ultimus,
2496 2278 2618 2342 hoc
2663 2283 2762 2342 est
2803 2297 3057 2343 summa

424 2367 777 2453 Cupiditas»,
823 2388 952 2452 qua
996 2368 1278 2453 reliquas
1325 2387 1546 2433 omnes
1592 2367 1909 2433 moderari
1954 2367 2188 2448 studet,
2232 2371 2329 2432 est
2372 2367 2504 2450 illa,
2551 2386 2680 2451 qua
2723 2366 2926 2433 fertur
2972 2366 3052 2430 ad

426 2476 516 2537 se,
558 2475 793 2541 resque
840 2476 1083 2539 omnes,
1129 2477 1277 2542 quae
1322 2457 1445 2522 sub
1490 2458 1696 2542 ipsius
1743 2456 2231 2542 intelligentiam
2280 2455 2506 2522 cadere
2552 2461 2843 2540 possunt,
2890 2455 3055 2520 adae-

425 2551 620 2631 quate
665 2546 1178 2630 concipiendum.

1479 2634 1527 2700 O
1551 2636 1612 2699 A
1634 2634 1689 2699 P
1719 2634 1778 2700 U
1799 2634 1850 2698 T
1939 2633 2018 2698 V.

514 2757 713 2824 Nulla
781 2761 980 2844 igitur
1049 2762 1180 2824 vita
1247 2762 1577 2827 rationalis
1646 2767 1743 2825 est
1812 2761 1953 2825 sine
2012 2758 2465 2843 intelligentia3
2529 2763 2594 2823 et
2638 2776 2742 2823 res
2790 2762 3057 2824 eatenus

425 2853 675 2913 tantum
714 2847 915 2913 ‘bonae
961 2855 1135 2932 suut,
1182 2855 1504 2933 quatenus
1551 2850 1876 2914 hominem
1918 2850 2170 2933 juvant,
2209 2853 2283 2912 ut
2327 2846 2563 2934 Mentis
2612 2848 2742 2911 vita
2789 2846 3059 2929 fruatur,

427 2957 577 3022 quae
640 2938 1065 3023 intelligentia
1130 2938 1448 3004 definitur.
1497 2937 1655 3016 Quae
1700 2943 1914 3003 autem
1965 2943 2187 3002 contra
2232 2937 2609 3021 impediunt,
2658 2954 2788 3020 quo
2840 2940 3057 3001 minus

430 3028 620 3091 homo
680 3026 1015 3093 Rationem
1077 3027 1381 3112 perficere
1426 3034 1490 3094 et
1534 3028 1832 3092 rationali
1877 3029 2008 3091 vita
2050 3026 2179 3091 frui
2226 3028 2446 3110 possit,
2496 3045 2602 3091 eas
2648 3026 3054 3090 solummodo

427 3117 626 3181 malas
674 3134 817 3182 esse
862 3116 1156 3181 dicimus.

538 3236 548 3247 ·
1462 3204 1513 3268 O
1536 3206 1598 3268 A
1620 3204 1675 3268 P
1707 3205 1766 3271 U
1785 3203 1836 3267 T
1925 3203 2037 3268 VI.

516 3317 643 3383 Sed
713 3319 864 3402 quia
931 3319 1147 3382 omnia
1212 3318 1340 3401 illa,
1402 3337 1679 3403 quorum
1727 3319 1919 3382 homo
1965 3316 2248 3382 efficiens
2294 3320 2391 3381 est
2437 3336 2651 3400 causa,
2697 3319 3058 3383 necessario

428 3406 597 3471 bona
642 3413 812 3490 sunt,
860 3408 1019 3471 nihil
1066 3427 1217 3492 ergo
1266 3407 1416 3472 mali
1463 3408 1709 3472 homini
1754 3408 2013 3473 evenire
2059 3411 2284 3490 potest,
2331 3407 2460 3470 nisi
2505 3426 2543 3470 a
2588 3408 2800 3471 causis
2848 3411 3058 3473 exter-

427 3498 564 3577 nis3
635 3515 866 3581 nempe
933 3502 1255 3581 quatenus
1324 3516 1472 3582 pars
1519 3502 1617 3562 est
1660 3497 1861 3562 totius
1896 3495 2189 3580 Naturae,
2236 3496 2426 3578 cujus
2474 3494 2727 3580 legibus
2774 3496 3056 3560 humana

431 3591 665 3650 natura
735 3584 1187 3670 obtemperare,
1252 3590 1316 3650 et
1381 3587 1490 3650 cui
1557 3585 1829 3650 infinitis
1896 3585 2106 3651 modis
2175 3602 2339 3669 pene
2388 3603 2529 3650 sese
2573 3586 3058 3651 accommodare

428 3676 699 3759 cogitur.

1439 3761 1488 3827 O
1512 3764 1573 3827 A
1598 3762 1652 3827 P
1680 3763 1738 3829 U
1760 3762 1811 3827 Τ
1900 3762 2048 3827 VII.

516 3876 653 3942 Nec
717 3876 856 3942 fieri
899 3881 1126 3962 potest,
1172 3881 1245 3941 ut
1289 3878 1480 3941 homo
1526 3896 1655 3941 non
1704 3879 1787 3942 sit
1831 3876 2099 3942 Naturae
2143 3896 2310 3961 parS,
2356 3880 2420 3941 et
2463 3895 2872 3943 communem
2919 3878 3059 3960 ejus

429 3965 720 4031 ordinem
768 3986 898 4030 non
943 3971 1285 4051 sequatur3
1336 3966 1448 4031 sed
1495 3968 1550 4031 si
1594 3969 1762 4032 inter
1806 3967 1960 4030 talia
2007 3966 2342 4030 individua
2389 3970 2695 4048 versetur,
2737 3986 2883 4051 quae
2908 3986 3057 4031 cum

427 4056 638 4139 ipsius
705 4056 983 4120 hominis
1052 4060 1283 4120 natura
1349 4057 1765 4137 conveniunt,
1832 4075 1908 4121 eo
1968 4056 2110 4139 ipso
2176 4055 2453 4119 hominis
2500 4056 2732 4138 agendi
2779 4058 3061 4140 potentia

422 4144 757 4228 juvabitur
821 4149 884 4210 et
948 4144 1286 4210 fovebitur.
1355 4146 1443 4209 At
1512 4147 1569 4210 si
1627 4149 1850 4209 contra
1894 4147 2061 4209 inter
2106 4144 2259 4207 talia
2307 4145 2410 4226 sit,
2458 4163 2602 4228 quae
2651 4164 2802 4210 cum
2851 4147 3058 4230 ipsius

429 4238 660 4299 natura
705 4234 966 4298 minime
1011 4235 1421 4316 conveniunt,
1466 4235 1579 4297 vix
1625 4233 1870 4318 absque
1918 4253 2150 4318 magna
2195 4233 2403 4317 ipsius
2451 4236 2803 4301 mutatione
2829 4236 3057 4300 iisdem

431 4342 574 4389 sese
622 4324 1108 4388 accommodare
1149 4324 1403 4407 poterit.

1432 4472 1801 4538 CAPUT
1893 4472 2073 4538 VIII.

522 4584 843 4671 Quicquid
890 4589 959 4650 in
1003 4605 1218 4653 rerum
1264 4586 1509 4652 Natura
1557 4588 1760 4660 datur,
1806 4587 1980 4672 quod
2021 4587 2392 4671 Judicamus
2441 4587 2678 4651 malum
2725 4605 2884 4668 esse,
2923 4589 3061 4651 sive

428 4695 619 4760 posse
677 4676 1000 4760 impedire,
1048 4696 1177 4761 quo
1225 4679 1440 4740 minus
1487 4677 1767 4741 existere
1811 4683 1874 4742 et
1920 4679 2053 4741 vita
2098 4678 2396 4741 rationali
2440 4676 2570 4740 frui
2617 4695 2950 4760 queamus,
2994 4676 3060 4739 id

432 4785 470 4829 a
540 4765 724 4829 nobis
792 4784 1121 4830 removere
1192 4785 1267 4830 ea
1334 4767 1459 4848 via,
1530 4785 1676 4850 quae
1745 4768 2031 4830 securior
2090 4766 2363 4848 videtur,
2410 4767 2595 4845 licet3
2640 4772 2704 4830 et
2752 4765 3060 4849 quicquid

433 4859 656 4919 contra
704 4855 910 4939 datur,
958 4855 1132 4939 quod
1172 4855 1541 4938 judicamus
1589 4854 1832 4921 bonum
1881 4858 2020 4921 sive
2064 4855 2223 4921 utile
2268 4873 2411 4921 esse
2457 4855 2537 4919 ad
2585 4859 2880 4919 nostrum
2921 4872 3061 4919 esse
