3609 5642
1467 516 1549 561 nn
1592 515 1980 562 AFFEGTIBUS.
2900 494 3024 558 107

1429 702 2008 749 EXPLIOATIO.

481 784 779 851 Solemus
857 790 1073 851 tamen
1143 803 1311 870 saepe
1379 784 1711 871 Superbiae
1777 784 2227 852 Humilitatem
2297 802 2636 870 opponere,
2703 784 2818 849 sed
2885 787 3026 848 tum

393 877 598 960 magis
643 875 725 940 ad
771 877 1112 959 utriusque
1157 875 1421 941 effectus
1468 895 1661 960 quam
1709 881 2010 940 naturam
2057 874 2464 940 attendimus.
2510 873 2806 939 Solemus
2848 891 3028 937 nam·

396 983 525 1049 que
569 963 755 1030 illum
791 964 1155 1068 superbum
1204 983 1448 1047 vocare,
1493 966 1607 1049 qui
1651 965 1847 1031 nimis
1892 964 2202 1049 gloriatur
2245 963 2389 1044 (vid.
2436 961 2632 1029 Schol.
2679 960 2877 1046 Prop.
2923 962 3028 1026 30.

392 1052 629 1137 hayus),
696 1056 809 1138 qui
876 1073 1006 1117 non
1068 1055 1198 1118 nisi
1258 1014 1532 1119 virtu'tes
1594 1073 1765 1134 suas,
1811 1059 1876 1119 et
1922 1054 2196 1119 aliorum
2242 1073 2372 1117 non
2418 1054 2546 1118 nisi
2593 1054 2750 1116 vitia
2795 1055 3029 1134 narrat,

394 1144 511 1227 qui
580 1141 881 1209 omnibus
949 1143 1231 1228 praeferri
1301 1144 1459 1226 vult,
1527 1148 1591 1208 et
1661 1144 1775 1227 qui
1846 1143 2126 1228 denique
2193 1161 2269 1208 ea
2327 1144 2643 1227 gravitate
2686 1147 2751 1207 et
2797 1145 3027 1205 ornatu

392 1232 651 1315 incedit,
721 1251 851 1317 quo
920 1233 1130 1297 solent
1195 1232 1325 1315 alii,
1392 1235 1506 1317 qui
1566 1232 1758 1317 longe
1821 1251 2021 1316 supra
2079 1233 2293 1317 ipsum
2339 1237 2495 1297 sunt
2539 1232 2746 1316 positi.
2795 1228 3031 1294 Contra

391 1322 558 1386 ilum
604 1322 914 1387 humilem
960 1341 1285 1405 vocamus,
1334 1324 1447 1406 qui
1492 1323 1731 1406 saepius
1778 1321 2118 1404 erubescit,
2163 1323 2277 1405 qui
2325 1341 2444 1386 sua
2489 1322 2648 1386 vitia
2689 1320 2944 1401 fatetur,
2967 1325 3031 1385 et

393 1411 670 1475 aliorum
741 1413 1012 1476 virtutes
1073 1416 1305 1493 narrat,
1369 1412 1483 1495 qui
1530 1410 1833 1476 omnibus
1879 1410 2066 1487 cedit,
2110 1415 2172 1474 et
2219 1411 2331 1495 qui
2379 1411 2660 1495 denique
2707 1408 3031 1474 submisso

393 1499 1245 1673 ffssssffltffijsssfiff
1261 1518 1577 1654 ..5323
1608 1499 2282 1655 ἓῐῗέἕῗὲὦῗὲἶὲἓὲ
2326 1499 2754 1671 ἒὲωἶῖἶῗῐῗὲ
2771 1516 3032 1652 .ἓῖἐ“ἓξθ

396 1679 693 1762 siderata,
741 1683 964 1743 contra
1008 1639 1287 1761 eosde'm,
1332 1684 1647 1763 quantum
1699 1684 1924 1764 potest,
1970 1680 2202 1744 nititur
2245 1677 2407 1758 (vide
2428 1677 2620 1760 Prop.
2644 1677 2747 1741 13.
2770 1681 2830 1742 et
2854 1676 2957 1741 54.
2990 1677 3028 1756 ¹)

395 1766 645 1852 huju-sk
694 1773 760 1833 et
804 1768 965 1851 ideo,
1014 1770 1128 1851 qui
1175 1769 1457 1832 maxime
1503 1768 1856 1833 creduntur
1902 1766 2131 1852 abjecti
2168 1772 2231 1833 et
2266 1768 2545 1833 humiles
2568 1785 2727 1851 esse,
2749 1766 3029 1831 maxime

394 1858 784 1943 plerumque
828 1856 1154 1922 ambitiosi
1199 1862 1263 1922 et
1306 1856 1514 1921 invidi
1559 1862 1731 1923 sunt.

1609 1992 1834 2064 XXX.

489 2105 717 2174 Gloria
760 2112 860 2173 est
899 2105 1152 2173 Laetitia
1198 2109 1667 2173 concomitante
1710 2108 1859 2173 idea
1902 2108 2180 2193 alicujus
2224 2111 2460 2175 nostrae
2506 2110 2796 2193 actionis,
2835 2127 3029 2193 quam

396 2197 566 2262 alios
611 2197 872 2264 laudare
914 2198 1363 2282 imaginamur.

1592 2309 1849 2376 XXXI.

434 2469 439 2474 -
485 2422 712 2490 Pudor
772 2429 870 2490 est
928 2423 1215 2489 Tristitia
1268 2425 1739 2489 concomitante
1782 2425 1926 2490 idea
1972 2424 2249 2508 aliquus
2294 2426 2581 2508 actionis,
2629 2445 2825 2509 quam
2871 2425 3030 2491 alios

394 2516 763 2598 vituperare
807 2515 1257 2599 imaginamur.

1429 2646 2013 2691 RXPLIGATIQ

486 2724 585 2792 De
651 2728 752 2793 his
813 2728 962 2792 vide
1022 2726 1351 2793 Scholium
1412 2726 1883 2812 Propositionis
1931 2727 2033 2791 30.
2080 2727 2276 2811 hujus
2322 2727 2550 2794 Partis.
2595 2726 2721 2793 Sed
2766 2727 2872 2792 hic
2917 2747 3030 2792 no·

393 2817 593 2882 tanda
637 2820 734 2883 est
778 2816 1148 2899 differentia,
1194 2836 1341 2902 quae
1388 2820 1486 2881 est
1529 2819 1697 2881 inter
1742 2816 2062 2882 Pudorem
2103 2822 2167 2881 et
2207 2815 2694 2882 Verecundiam.
2718 2816 2836 2883 Est
2858 2819 3029 2883 enim

394 2906 620 2971 Pudor
681 2905 983 2989 Tristitia,
1043 2927 1188 2991 quae
1234 2907 1531 2991 sequitur
1574 2906 1838 2988 factum,
1885 2907 2075 2989 cujus
2114 2906 2327 2990 pudet.
2369 2906 2776 2973 Verecundia
2815 2911 3031 2971 autem

396 3000 497 3061 est
555 2994 771 3060 Metus
816 3014 931 3060 seu
978 2995 1192 3060 Timor
1236 2995 1534 3078 Pudoris,
1580 3014 1709 3080 quo
1757 2995 1947 3059 homo
1994 2997 2377 3078 continetur,
2423 3014 2505 3060 ne
2551 2995 2797 3080 aliquid
2844 2999 3032 3081 turpe

396 3085 768 3149 committat.
831 3084 1253 3151 Verecundiae
1315 3086 1551 3169 opponi
1614 3084 1775 3150 solet
1828 3083 2257 3168 Impudentia,
2305 3104 2450 3168 quae
2497 3103 2720 3151 revera
2766 3084 3031 3151 affectus

394 3193 530 3238 non
576 3179 692 3257 est,
739 3179 812 3238 ut
857 3192 977 3239 sno
1022 3173 1162 3239 loco
1209 3174 1575 3239 ostendam:
1626 3173 1739 3238 sed
1784 3173 2127 3238 affectuum
2174 3175 2437 3238 nomina
2481 3178 2580 3254 (ut
2609 3176 2742 3259 jam
2786 3176 3030 3256 monui)

395 3264 605 3348 magis
671 3282 896 3328 eorum
966 3283 1160 3328 usum
1231 3283 1428 3347 quam
1491 3267 1789 3328 naturam
1835 3263 2207 3347 respiciunt.
2253 3263 2473 3347 Atque
2512 3264 2614 3328 his
2658 3262 2923 3328 Laetitiae
2969 3274 3033 3329 et

394 3352 698 3417 Tristitiae
756 3352 1042 3436 affectuS,
1104 3372 1268 3437 quos
1331 3351 1653 3437 explicare
1711 3370 2188 3437 proposueram,
2250 3351 2514 3418 absolvi.
2559 3352 2767 3437 Pergo
2811 3354 3032 3437 itaque

400 3442 480 3506 ad
526 3441 693 3526 illos,
737 3460 901 3526 quos
948 3442 1029 3507 ad
1074 3440 1504 3527 Cupiditatem
1551 3442 1774 3506 refero.

1570 3578 1863 3645 XXXII.

487 3691 888 3758 Desiderimn
955 3698 1054 3759 est
1115 3692 1446 3779 Cupiditas
1512 3696 1650 3759 sive
1714 3694 2063 3778 Appetitus
2129 3711 2199 3757 re
2259 3692 2476 3778 aliqua
2521 3694 2837 3779 potiundi,
2884 3714 3030 3779 quae

398 3783 686 3865 ejusdem
746 3785 839 3849 rei
898 3784 1208 3847 memoria
1262 3783 1535 3866 fovetur,
1581 3788 1646 3847 et
1691 3783 1888 3848 simul
1932 3783 2202 3847 aliarum
2248 3800 2467 3847 rerum
2513 3785 2838 3866 memoria,
2885 3804 3029 3868 quae

400 3872 690 3955 eJusdem
737 3874 829 3938 rei
875 3873 1244 3957 appetendae
1290 3873 1702 3937 existentiam
1749 3872 2112 3955 secludunt,
2157 3875 2502 3937 coercetur.

1427 4004 2014 4051 nxrnrcxrro

489 4083 652 4150 Oum
720 4085 995 4170 alicujus
1042 4087 1136 4152 rei
1179 4087 1621 4169 recordamur,
1655 4091 1727 4152 ut
1765 4088 1898 4169 Jam
1947 4105 2115 4170 saepe
2160 4087 2467 4169 diximus,
2512 4105 2587 4151 eo
2633 4089 2775 4172 ipso
2822 4087 3030 4172 dispo-

397 4173 620 4239 nimur
686 4175 766 4240 ad
835 4176 1080 4241 eanden
1152 4176 1371 4241 eodem
1443 4176 1672 4241 affectu
1735 4175 2319 4261 contemplandum,
2363 4195 2437 4240 ac
2499 4178 2556 4242 si
2600 4194 2704 4241 res
2749 4194 3032 4261 praesens

399 4264 685 4346 adesset;
757 4264 868 4328 sed
929 4266 1067 4329 haec
1127 4265 1480 4349 dispositio,
1526 4283 1644 4330 seu
1706 4269 1997 4347 conatus,
2043 4264 2198 4329 dum
2245 4264 2606 4349 vigilamus,
2649 4266 3032 4350 plerumque

398 4351 736 4417 cohibetur
795 4353 873 4418 ab
934 4354 1325 4438 imaginibus
1370 4372 1604 4437 rerum,
1652 4373 1797 4439 quae
1843 4355 2251 4419 existentiam
2301 4355 2459 4437 ejus,
2509 4356 2697 4439 cujus
2740 4356 3031 4420 recorda-

399 4461 566 4524 mur,
631 4442 991 4509 seoludunt.
1063 4441 1335 4519 Quando
1398 4444 1618 4529 itaque
1656 4445 1749 4507 rei
1795 4444 2226 4526 meminimus,
2273 4462 2420 4526 quae
2466 4463 2585 4508 nos
2631 4445 2850 4529 aliquo
2895 4443 3031 4508 1.ae-

398 4531 557 4595 titiae
624 4549 857 4616 genere
925 4531 1141 4615 afficit,
1206 4551 1282 4597 eo
1349 4533 1490 4617 ipso
1559 4551 1870 4597 conamur
1936 4532 2224 4615 eandem,
2284 4550 2435 4597 cum
2497 4534 2719 4599 eodem
2764 4532 3031 4599 Laetitiae

399 4619 651 4705 affectu,
695 4625 771 4685 ut
820 4625 1200 4705 praesentem
1250 4621 1683 4707 contemplari,
1729 4623 1844 4706 qui
1891 4621 2151 4705 quidem
2200 4625 2470 4687 conatus
2515 4623 2729 4688 statim
2776 4622 3030 4689 cohibe-

465 4827 523 4891 1)
556 4785 815 4893 Schmidt,
850 4829 1149 4882 Auerhach.
1185 4858 1251 4869 -
1288 4830 1382 4883 Ed.
1418 4832 1526 4897 Pr.,
1561 4832 1920 4884 Kirchmann:
1957 4832 2024 4884 15
2053 4837 2110 4884 et
2142 4832 2226 4885 34.
2242 4861 2308 4871 —
2324 4833 2664 4901 Corrigenda,
2697 4835 2846 4887 Vers.
2869 4835 3033 4902 Belg„

399 4894 635 4961 (ἰὴ-ὄνον,
667 4868 891 4964 Brud’er,
924 4896 1150 4949 Saisset:
1184 4897 1252 4949 15
1284 4902 1338 4949 et
1372 4897 1453 4949 54.
