3609 5642
1475 533 1557 577 mi:
1601 533 1934 579 nmmum
1976 535 2254 580 numa.
2913 592 2917 596 .
3041 515 3169 579 169

536 719 601 784 p.
650 700 731 781 3.)
798 701 1161 764 contristari
1227 704 1505 783 cuperet,
1575 699 1749 784 quod
1817 705 1955 784 (per
1999 699 2193 784 Pr0p.
2241 700 2346 764 28.
2386 719 2449 784 p.
2497 700 2581 783 3.)
2651 706 2749 765 est
2793 699 3167 766 absurdum.
3294 765 3297 768 ,

541 789 733 888 Ergo,
779 790 891 872 qui
937 787 1147 854 Deum
1195 794 1386 868 amat,
1433 795 1552 854 etc.
1603 787 1672 868 Q.
1715 787 1793 854 E.
1841 787 1924 852 D.

1372 924 2082 991 PROPOSITIO
2174 925 2327 990 XX.

631 1039 758 1104 Hic
822 1059 974 1124 erya
1040 1037 1249 1105 Deum
1315 1038 1535 1123 Amor,
1581 1059 1779 1126 neque
1825 1040 2102 1105 Invidioe
2146 1059 2345 1127 neque
2393 1039 2736 1124 Zelotypioe
2777 1040 3027 1123 affectu
3070 1041 3172 1105 in-

541 1129 809 1214 quinari
847 1133 1074 1213 potest3
1124 1128 1236 1193 sed
1276 1149 1341 1192 eo
1384 1130 1583 1211 maqis
1625 1130 1890 1213 fovetur,
1932 1149 2054 1215 quo
2095 1129 2307 1213 plures
2347 1128 2626 1194 homines
2665 1129 2868 1194 eodem
2914 1128 3171 1194 Amoris

543 1218 788 1282 vinculo
831 1238 970 1282 cum
1014 1216 1147 1283 Deo
1182 1218 1442 1301 junctos
1486 1219 1931 1301 imayinamur.

1506 1349 2219 1396 DEMONSTRATIQ

634 1432 760 1497 Hic
827 1450 977 1515 erga
1043 1428 1251 1495 Deum
1323 1432 1528 1496 Amor
1596 1452 1924 1496 summum
1994 1432 2235 1496 bonum
2304 1436 2418 1514 est,
2480 1433 2650 1516 quod
2698 1451 2782 1496 ex
2829 1431 3172 1497 dictamine

542 1520 834 1586 Rationis
881 1528 1176 1604 appetere
1221 1539 1568 1603 possumus
1614 1526 1751 1606 (per
1797 1520 1992 1604 Prop.
2039 1521 2142 1584 28.
2185 1541 2246 1605 p.
2296 1521 2398 1603 4.),
2443 1526 2504 1586 et
2552 1520 2852 1585 omnibus
2897 1522 3172 1584 homini-

546 1610 668 1675 bus
712 1628 1060 1674 cummune
1106 1614 1203 1673 est
1246 1613 1382 1691 (per
1429 1609 1616 1693 Prop.
1664 1611 1765 1674 36.
1810 1629 1872 1694 p.
1923 1610 2025 1693 4.),
2071 1615 2150 1692 et,
2197 1629 2419 1675 omnes
2461 1616 2534 1675 ut
2573 1611 2795 1674 eodem
2834 1611 3177 1693 gaudeant,

539 1701 844 1783 cupimus
911 1703 1048 1781 (per
1106 1697 1295 1780 Prop.
1344 1698 1446 1761 37.
1489 1718 1551 1782 p.
1602 1698 1721 1779 4.);
1792 1704 1987 1782 atque
2056 1699 2213 1765 adeo
2281 1704 2420 1782 (per
2468 1698 2573 1762 23.
2634 1698 2878 1782 Affect.
2940 1696 3181 1780 Defin.)

542 1788 814 1852 Invidiae
873 1787 1102 1851 affectu
1150 1788 1458 1851 maculari
1505 1788 1748 1871 nequit,
1796 1806 2009 1872 neque
2060 1789 2247 1852 etiam
2297 1793 2435 1872 (per
2479 1787 2670 1871 Prop.
2719 1788 2823 1851 18.
2867 1787 3073 1869 hujus,
3118 1793 3178 1853 et

543 1877 733 1958 defin.
783 1875 1139 1960 Zelotypioe,
1186 1896 1378 1961 quam
1420 1876 1560 1940 vide
1603 1877 1670 1940 in
1709 1875 1902 1941 Schol.
1942 1876 2134 1960 Prop.
2178 1876 2279 1940 35.
2315 1897 2378 1961 p.
2420 1876 2505 1956 3.)
2543 1877 2890 1961 Zelotypiae
2913 1876 3174 1958 affectu;

548 1967 659 2031 sed
729 1972 950 2030 contra
1018 1972 1154 2048 (per
1199 1963 1395 2048 Prop.
1447 1965 1548 2029 31.
1593 1984 1655 2049 p.
1704 1966 1786 2048 3.)
1861 1984 1936 2030 eo
2006 1967 2212 2049 magis
2272 1965 2476 2030 foveri
2538 1966 2740 2048 debet,
2787 1985 2916 2050 quo
2960 1966 3178 2049 plures

546 2056 838 2120 homines
884 2054 1104 2119 eodem
1150 2055 1432 2136 gaudere
1478 2055 1923 2138 imaginamur.
1978 2053 2047 2135 Q.
2094 2053 2173 2118 E.
2221 2052 2304 2118 D.

1630 2186 2105 2232 SGHOLIUM.

632 2268 991 2333 Possumus
1059 2268 1179 2330 hoc
1249 2266 1471 2331 eodem
1542 2268 1729 2331 modo
1799 2269 2154 2349 ostendere,
2217 2267 2469 2331 nullum
2519 2267 2657 2330 dari
2703 2266 3018 2348 affectum,
3066 2269 3179 2350 qui

548 2359 702 2422 huic
746 2358 971 2421 Amori
1022 2356 1260 2420 directe
1309 2357 1393 2419 sit
1438 2359 1817 2439 contrarius,
1860 2378 1899 2421 a
1947 2376 2075 2440 quo
2122 2357 2226 2419 hic
2272 2357 2410 2439 ipse
2448 2358 2653 2419 Amor
2673 2357 2875 2440 possit
2900 2356 3178 2436 destrui3

541 2453 739 2531 atque
801 2447 958 2511 adeo
1022 2444 1408 2510 concludere
1453 2464 1822 2529 possumus,
1866 2447 2041 2509 hunc
2086 2463 2236 2529 erga
2280 2443 2491 2508 Deum
2538 2447 2841 2509 Amorem
2889 2447 3176 2509 omnium

547 2534 895 2601 affectuum
966 2552 1108 2598 esse
1178 2536 1793 2616 constantissimum,
1860 2553 1998 2617 nec,
2067 2539 2389 2617 quatenus
2451 2533 2532 2597 ad
2594 2532 2840 2617 Corpus
2885 2533 3176 2615 refertur,

545 2643 733 2709 posse
803 2624 1063 2704 destrui,
1109 2624 1237 2687 nisi
1283 2642 1431 2686 cum
1477 2625 1616 2707 ipso
1664 2623 1954 2707 Corpore.
2003 2622 2203 2705 Cujus
2247 2628 2462 2687 autem
2509 2628 2757 2686 naturae
2806 2623 2907 2705 sit,
2954 2627 3171 2707 quate·

545 2734 673 2779 nus
721 2713 803 2777 ad
849 2712 1048 2778 solam
1096 2710 1377 2776 Mentem
1424 2712 1714 2795 refertur,
1761 2718 1979 2796 postea
2024 2712 2401 2777 videbimus.

632 2804 852 2886 Atque
920 2803 1020 2865 his
1088 2802 1305 2864 omnia
1350 2798 1693 2866 affectuum
1740 2803 2041 2883 remedia,
2086 2803 2224 2866 sive
2268 2801 2337 2864 id
2383 2818 2592 2881 omne,
2640 2799 2814 2883 quod
2862 2798 3065 2880 Mens,
3107 2800 3175 2862 in

545 2911 616 2957 se
678 2892 814 2957 sola
871 2889 1285 2972 considerata,
1331 2888 1642 2955 adversus
1689 2890 1954 2956 affectus
2000 2896 2225 2974 potest,
2270 2889 2756 2973 comprehendi3
2806 2907 2888 2953 ex
2936 2888 3175 2972 quibus

542 2986 823 3065 apparet,
892 2978 1125 3044 Mentis
1172 2979 1241 3041 in
1284 2977 1547 3044 affectus
1593 2983 1941 3064 potentiam
1991 2981 2359 3061 consistere,
2406 2977 2485 3041 1⁰.
2531 2980 2601 3041 in
2647 2980 2787 3061 ipsa
2830 2977 3173 3042 affectuum

543 3071 909 3154 cognitione
976 3067 1135 3147 (vide
1178 3064 1373 3132 Schol.
1419 3066 1614 3152 Prop.
1663 3067 1720 3132 4.
1768 3068 2018 3151 hujus);
2089 3067 2198 3131 110.
2268 3069 2337 3131 in
2407 3085 2499 3149 eo,
2570 3067 2743 3150 quod
2814 3066 3079 3131 affectus
3138 3086 3175 3130 a

543 3160 924 3244 cogitatione
993 3176 1203 3221 causae
1271 3161 1573 3239 externae‚
1645 3178 1840 3241 quam
1902 3157 2167 3221 confuse
2229 3157 2679 3239 imaginamur,
2725 3160 2977 3239 separat
3021 3155 3179 3237 (vide

548 3248 735 3331 Prop.
782 3247 841 3310 2.
888 3266 1029 3310 cum
1073 3246 1276 3309 eodem
1321 3244 1517 3312 schol.
1578 3246 1766 3330 Prop.
1799 3244 1845 3328 ¹)
1894 3246 1951 3310 4.
1999 3245 2246 3329 hujus);
2320 3243 2465 3307 IH0.
2535 3246 2604 3307 in
2673 3250 2974 3328 tempore,
3045 3264 3173 3328 quo

549 3337 911 3402 affectiones
936 3332 1004 3414 ²),
1059 3354 1203 3418 quae
1249 3334 1328 3398 ad
1374 3354 1494 3417 res,
1543 3355 1703 3419 quas
1749 3336 2193 3418 intelligimus,
2239 3333 2624 3414 referuntur,
2667 3332 2811 3397 illas
2856 3339 3179 3417 superant,

547 3445 696 3509 quae
720 3422 770 3508 2)
843 3424 925 3488 ad
969 3442 1070 3487 res
1119 3423 1508 3507 referuntur,
1557 3443 1719 3508 quas
1765 3424 2033 3488 confuse
2080 3443 2196 3489 seu
2242 3423 2532 3486 mutilate
2578 3422 2975 3506 concipimus
3022 3422 3178 3503 (vide

555 3514 741 3595 Prop.
790 3513 848 3575 7.
895 3512 1143 3595 hujus);
1193 3511 1334 3575 IV0.
1379 3512 1449 3575 in
1497 3513 1912 3577 multitudine
1957 3531 2320 3590 causarum,
2367 3531 2403 3574 a
2443 3510 2681 3594 quibus
2720 3511 3084 3576 affectiones
3109 3508 3178 3593 ²),

551 3623 698 3687 quae
758 3602 837 3665 ad
886 3621 1098 3666 rerum
1146 3620 1520 3666 communes
1566 3603 1949 3686 propietates
1995 3602 2099 3665 vel
2145 3601 2224 3665 ad
2269 3598 2481 3664 Deum
2525 3599 2912 3682 referuntur,
2955 3600 3178 3664 foven-

550 3698 656 3756 tur
728 3690 889 3771 (vide
934 3690 1125 3773 Prop.
1176 3690 1233 3753 9.
1280 3694 1340 3754 et
1387 3690 1491 3753 11.
1537 3689 1787 3773 hujus);
1858 3690 1964 3753 V0.
2036 3691 2314 3773 denique
2382 3693 2450 3751 in
2514 3689 2756 3772 ordine,
2816 3707 2946 3772 quo
2991 3688 3176 3754 Mens

550 3800 704 3846 suos
750 3780 1016 3845 affectus
1063 3779 1359 3843 ordinare
1405 3784 1466 3843 et
1510 3779 1788 3846 invicem
1837 3785 2255 3844 concatenare
2300 3783 2510 3862 potest
2555 3777 2713 3859 (vide
2751 3776 2949 3842 Schol.
2986 3777 3177 3861 Prop.

550 3869 655 3934 10.
698 3874 755 3934 eb
796 3869 1061 3952 insuper
1106 3867 1296 3950 Prop.
1343 3867 1447 3949 12,
1494 3868 1598 3950 13,
1644 3873 1704 3933 et
1748 3869 1851 3931 14.
1899 3867 2138 3951 hujus).
2185 3866 2312 3932 Sed
2357 3872 2429 3930 ut
2466 3867 2604 3930 haec
2643 3865 2877 3931 Mentis
2899 3868 2968 3929 in
2993 3866 3177 3931 affec·

549 3969 656 4024 tus
717 3960 1004 4043 potentia
1067 3956 1294 4021 melius
1339 3956 1751 4041 intelligatur,
1798 3960 1976 4021 venit
2023 3958 2307 4041 apprime
2352 3956 2728 4036 notandum,
2773 3956 2948 4041 quod
2994 3955 3177 4020 affec—

548 4052 654 4112 tus
722 4068 760 4111 a
820 4047 1006 4111 nobis
1068 4046 1283 4129 magni
1344 4046 1763 4129 appellantur,
1811 4046 2069 4130 quando
2117 4047 2314 4110 unius
2362 4046 2637 4109 hominis
2684 4044 2979 4109 affectum
3026 4064 3174 4108 cum

549 4137 775 4202 affectu
824 4136 1088 4200 alterius
1136 4152 1598 4218 comparamus,
1645 4140 1708 4199 et
1749 4155 1956 4199 unum
1997 4137 2202 4219 magis
2243 4153 2434 4218 quam
2476 4134 2673 4197 alium
2698 4134 2920 4199 eodem
2948 4133 3175 4199 affectu

551 4225 904 4290 conflictari
969 4223 1297 4302 videmus3
1368 4225 1471 4287 vel
1543 4224 1798 4308 quando
1864 4225 2060 4289 unius
2124 4224 2541 4307 ejusdemque
2586 4224 2866 4288 hominis
2913 4222 3177 4288 affectus

550 4315 628 4378 ad
694 4315 969 4378 invicem
1041 4331 1502 4396 comparamuS,
1570 4314 1982 4397 eundemque
2048 4331 2180 4376 uno
2250 4311 2480 4376 affectu
2542 4313 2747 4395 magis
2811 4331 3004 4397 quam
3052 4312 3175 4376 alio

551 4403 721 4468 affici
789 4405 928 4468 sive
995 4403 1237 4466 moveri
1305 4404 1750 4485 comperimus.
1819 4400 1986 4465 Nam
2049 4406 2184 4484 (per
2230 4399 2429 4480 Prop.
2476 4401 2535 4465 5.
2578 4420 2641 4484 p.
2690 4400 2770 4483 4.)
2817 4402 2916 4464 vis
2961 4402 3177 4483 cujus-

545 4510 810 4577 cunque
877 4491 1140 4556 affectus
1209 4488 1514 4554 definitur
1579 4491 1864 4575 potentia
1931 4509 2147 4555 causae
2216 4495 2500 4554 externae
2546 4509 2695 4558 cum
2740 4502 2961 4555 nostra
3004 4509 3175 4554 com-

548 4586 798 4666 parata.
832 4581 920 4644 At
964 4578 1201 4645 Mentis
1245 4581 1529 4662 potentia
1575 4580 1712 4644 sola
1757 4580 2124 4663 cognitione
2173 4577 2494 4662 definitur,
2538 4581 2915 4664 impotentia
2959 4584 3173 4643 autem

618 4826 675 4891 1)
713 4826 808 4877 Ed.
846 4826 962 4877 Pr.:
998 4840 1118 4877 cum
1152 4823 1328 4877 eodem
1362 4822 1542 4877 Sobel.
1575 4830 1627 4876 et
1662 4823 1828 4891 Prop.
1862 4826 1908 4875 4.
1948 4824 2133 4891 huJua.

615 4892 673 4957 ⁴2)
709 4892 989 4944 Camerer:
1026 4890 1272 4956 affectus,
1305 4892 1426 4957 qui.
1448 4929 1460 4942 .
1482 4929 1494 4942 .
1515 4928 1528 4942 .
1569 4890 1697 4943 illos
1729 4897 2015 4958 superant,
2051 4892 2173 4958 qui.
2194 4928 2207 4942 .
2227 4928 2242 4944 .
2261 4927 2277 4945 .
2322 4891 2567 4958 affectus,
2601 4894 2717 4961 qui.
