3609 5642
531 517 655 578 150
1558 537 1805 582 mmcns
1850 537 2004 582 PARS
2048 537 2135 581 1v.

1334 700 2028 767 PROPOSITIO
2119 701 2358 767 LXIX.

618 812 915 878 Hominis
979 812 1155 878 liberi
1210 815 1410 879 virtus
1465 835 1637 903 aeque
1694 835 1925 900 mayna
1968 817 2247 880 cernitur
2289 816 2361 881 in
2405 815 2800 882 declinandis
2844 836 3033 902 quam
3080 817 3152 879 in

524 903 901 983 superandis
940 902 1252 983 per-iendis.

1475 1013 2201 1059 nnncnsrnirm.

613 1091 901 1156 Affectus
968 1094 1243 1157 coerceri
1310 1111 1430 1157 nec
1489 1094 1627 1158 tolli
1688 1098 1913 1177 potest,
1958 1096 2085 1159 nisi
2129 1095 2358 1159 affectu
2406 1098 2740 1175 contrari0,
2787 1098 2851 1159 et
2892 1093 3151 1159 fortiore

528 1180 756 1245 affectu
827 1181 1177 1245 coercendo
1243 1185 1381 1265 (per
1447 1180 1640 1263 Prop.
1690 1182 1747 1246 7.
1778 1181 1824 1261 ¹)
1861 1182 2091 1265 hujus).
2141 1185 2227 1249 At
2272 1203 2448 1248 coeca
2491 1185 2784 1248 Audacia
2829 1188 2891 1247 et
2939 1183 3152 1247 Metus

528 1270 793 1335 affectus
864 1275 1036 1352 sunt,
1105 1270 1218 1354 qui
1285 1289 1470 1355 aeque
1538 1274 1754 1356 magni
1823 1279 2095 1355 possunt
2164 1275 2411 1358 concipi
2481 1279 2618 1357 (per
2661 1271 2839 1355 Prop
2885 1273 2943 1335 5.
2990 1279 3050 1337 et
3095 1273 3154 1335 3.

527 1358 774 1441 hujus):
845 1357 1017 1442 Ergo
1085 1378 1273 1443 aeque
1342 1380 1573 1444 magna
1618 1363 1819 1424 animi
1867 1363 2091 1443 virtus,
2136 1382 2252 1427 seu
2296 1361 2601 1426 fortitudo
2653 1361 2867 1444 (hujus
2912 1359 3152 1441 Defini-

528 1448 757 1513 tionem
822 1447 960 1511 vide
1020 1448 1090 1512 in
1149 1447 1344 1514 Schol.
1390 1447 1584 1534 Prop.
1632 1451 1737 1514 59.
1778 1468 1841 1534 p.
1889 1450 1971 1528 3.)
2018 1453 2369 1535 requiritur
2414 1452 2493 1514 ad
2539 1451 2912 1533 Audaciam,
2960 1471 3150 1534 quam

529 1537 609 1600 ad
675 1535 919 1601 Motum
987 1538 1442 1618 οοὸτοοηᾱιιῑης
1504 1540 1623 1603 hoc
1669 1545 1766 1604 est
1811 1543 1944 1623 (per
1987 1537 2195 1620 Defin.
2243 1540 2347 1605 40.
2392 1545 2452 1604 et
2495 1540 2600 1604 41.
2645 1540 2920 1623 Affect.),
2965 1540 3152 1604 homo

528 1625 1006 1794 liberQefissetZ
1028 1628 1228 1690 animi
1276 1629 1511 1692 virtute
1555 1627 1841 1712 pericula
1886 1628 2178 1712 declinat,
2225 1649 2354 1713 qua
2398 1629 2619 1694 eadem
2667 1648 2970 1714 superare
3017 1635 3152 1692 ten-

1516 1825 2179 1872 conoLLARIUH.

619 1903 885 1969 Homini
931 1905 1133 1987 igitur
1175 1903 1377 1969 libero
1423 1924 1610 1989 aeque
1656 1924 1907 1990 magnae
1952 1906 2369 1971 Animositati
2414 1906 2570 1990 fuga
2613 1909 2682 1970 in
2729 1910 3033 1989 tempore,
3080 1925 3153 1969 ac

533 2014 751 2078 pugna
819 1993 1106 2058 ducitur:
1178 1994 1315 2058 sive
1382 1994 1572 2058 homo
1618 1995 1781 2059 liber
1827 1994 2048 2059 eadem
2093 1996 2538 2079 Animositate,
2583 2015 2699 2061 seu
2749 1997 2947 2059 animi
2993 2014 3153 2078 prae-

533 2085 757 2166 sentia,
805 2102 935 2167 qua
979 2088 1316 2160 certamen,
1358 2082 1577 2170 fugam
1624 2084 1816 2168 eligit.

1612 2215 2094 2260 SCHOLIUM.

623 2293 791 2372 Quid
837 2296 1234 2361 Animositas
1277 2298 1379 2378 sit,
1425 2297 1526 2361 vel
1573 2298 1730 2381 quid
1776 2317 1891 2382 per
1935 2299 2137 2382 ipsam
2185 2298 2558 2382 intelligam,
2595 2299 2662 2361 in
2687 2296 2942 2361 Scholio
2969 2298 3157 2382 Prop.

536 2388 637 2449 59.
687 2405 745 2469 p.
795 2386 852 2448 3.
898 2385 1199 2470 explicui.
1246 2383 1371 2450 Per
1415 2387 1774 2470 periculum
1821 2393 2035 2452 autem
2081 2388 2148 2451 id
2196 2406 2386 2451 omne
2427 2387 2734 2470 intelligO,
2758 2388 2930 2470 quod
2954 2393 3162 2471 potest

534 2493 674 2540 esse
719 2494 914 2539 causa
956 2475 1230 2558 alicujus
1277 2475 1446 2558 mali,
1489 2494 1722 2560 nempe
1766 2464 2088 2559 Tristitiae,
2134 2475 2299 2559 Odii,
2345 2474 2718 2559 Discordiae,
2763 2481 2879 2539 etc.

1354 2609 2054 2677 PROPOSITIO
2139 2612 2344 2677 LXX.

622 2725 825 2791 Homo
867 2723 1037 2807 liber,
1083 2724 1194 2813 qui
1235 2725 1396 2790 inter
1440 2726 1700 2808 iynaros
1722 2722 1778 2809 2)
1824 2726 1991 2809 vivit,
2035 2744 2264 2810 corum,
2301 2729 2613 2812 quantum
2629 2730 2846 2810 potest,
2868 2725 3165 2807 beneficia

535 2815 852 2881 declinare
894 2814 1118 2878 studet.

1484 2923 2197 2969 οΕΜοΝετΒΑτῙα

623 3004 1095 3088 Unusquisque
1161 3021 1245 3067 ex
1311 3022 1431 3067 suo
1498 3005 1758 3089 ingenio
1819 3005 2084 3088 judicat,
2130 3006 2288 3088 quid
2332 3003 2576 3069 bonum
2629 3004 2714 3068 sit
2759 3002 2919 3082 (vide
2964 3002 3162 3069 Schol.

533 3093 730 3178 Prop.
801 3093 904 3157 39.
962 3112 1023 3173 p.
1084 3091 1209 3176 3.);
1257 3093 1522 3177 ignarus
1568 3095 1786 3178 igitur,
1834 3096 1948 3177 qui
1994 3095 2062 3157 in
2109 3094 2388 3178 aliquem
2438 3092 2820 3159 beneficium
2870 3094 3164 3175 contulit,

536 3183 602 3247 id
664 3202 747 3248 ex
816 3201 936 3247 suo
1003 3183 1263 3267 ingenio
1332 3182 1692 3265 aestimabit,
1762 3188 1826 3247 et
1894 3184 1950 3248 si
2020 3184 2285 3247 minoris
2354 3182 2433 3246 ab
2482 3202 2578 3265 ec,
2624 3183 2731 3246 cui
2777 3182 2996 3246 datum
3046 3189 3166 3265 est,

539 3272 842 3337 aestimari
890 3271 1078 3352 videt,
1126 3270 1607 3335 contristabitur
1650 3277 1788 3352 (per
1835 3269 2027 3351 Prop.
2076 3272 2179 3335 42.
2220 3291 2283 3352 p.
2329 3271 2430 3349 3.).
2477 3273 2567 3336 At
2604 3272 2794 3335 homo
2834 3270 2995 3335 liber
3016 3273 3163 3336 reli-

540 3380 704 3445 quos
772 3360 1063 3424 homines
1133 3361 1414 3424 amicitia
1481 3360 1606 3424 sibi
1656 3363 1931 3444 Jungcre
1972 3366 2108 3444 (per
2152 3359 2346 3445 Prop.
2395 3360 2499 3425 37.
2544 3359 2776 3443 hujus),
2821 3379 2941 3425 nec
2986 3362 3166 3444 paria

538 3449 908 3514 hominibus
955 3448 1265 3515 beneficia
1311 3468 1395 3513 ex
1441 3468 1665 3515 eorum
1717 3450 1948 3514 affectu
1994 3449 2248 3533 referre,
2292 3450 2406 3515 sed
2453 3469 2522 3516 se
2567 3455 2631 3515 et
2652 3450 2935 3533 reliquos
2950 3449 3163 3514 libero

537 3538 829 3603 Rationis
891 3538 1135 3621 Judicio
1207 3537 1457 3622 ducere,
1525 3545 1588 3604 et
1645 3559 1720 3604 ea
1766 3544 2015 3603 tantum
2065 3558 2252 3623 agere
2299 3540 2532 3622 studet,
2579 3558 2728 3624 quae
2774 3541 2914 3623 ipse
2959 3541 3166 3623 prima

540 3647 682 3694 esse
740 3628 961 3691 novit:
1027 3626 1198 3711 Ergo
1243 3627 1432 3691 homo
1479 3627 1657 3711 liber,
1703 3647 1787 3694 ne
1833 3630 2076 3713 ignaris
2123 3629 2270 3693 odio
2317 3630 2420 3711 sit,
2466 3635 2530 3695 et
2575 3647 2659 3694 ne
2705 3647 2927 3693 eorum
2975 3647 3163 3713 appe·

538 3718 704 3799 titui,
772 3716 885 3782 sed
955 3716 1075 3781 soli
1136 3713 1394 3780 Rationi
1455 3716 1866 3801 obsequatur,
1924 3736 2147 3783 eorum
2195 3716 2522 3801 beneficia,
2572 3722 2891 3802 quantum
2940 3723 3166 3802 potest,

541 3807 860 3872 declinare
905 3803 1258 3869 conabitur.
1309 3802 1378 3884 Q.
1423 3804 1504 3869 E.
1550 3803 1633 3871 D.

1615 3938 2086 3985 SCHOLIUM.

630 4020 790 4086 Dico
838 4027 1143 4109 quantum
1184 4022 1396 4104 potest.
1443 4018 1609 4084 Nam
1657 4024 1954 4105 quamvis
2001 4022 2294 4087 homines
2338 4023 2545 4106 ignari
2585 4024 2735 4104 sint,
2772 4027 2928 4087 sunt
2950 4027 3166 4086 tamen

541 4113 850 4194 homineS,
898 4112 1011 4194 qui
1059 4109 1125 4173 in
1177 4109 1671 4174 necessitatibus
1718 4111 2076 4174 humanum
2125 4111 2466 4191 auxilium,
2517 4131 2646 4196 quo
2697 4112 2951 4176 nullum
2976 4132 3169 4196 praes-

540 4200 803 4265 tabilius
871 4204 986 4280 est,
1055 4196 1304 4263 adferre
1373 4204 1654 4282 queunt3
1725 4205 1920 4283 atque
1965 4200 2123 4265 adeo
2171 4220 2338 4285 saepe
2382 4199 2473 4282 fit,
2517 4207 2591 4265 ut
2638 4220 2900 4267 necesse
2956 4202 3040 4266 sit
3088 4200 3167 4264 ab

542 4290 770 4354 iisdem
837 4287 1219 4353 beneficium
1286 4290 1587 4372 accipere,
1653 4293 1717 4354 et
1760 4294 2227 4373 consequenter
2272 4290 2501 4354 iisdem
2548 4295 2768 4355 contra
2812 4310 2896 4356 ex
2943 4309 3166 4355 eorum

543 4381 801 4464 ingenio
850 4377 1316 4462 congratulari3
1363 4377 1444 4441 ad
1492 4379 1665 4462 quod
1712 4378 1976 4461 accedit,
2023 4379 2196 4463 quod
2242 4381 2431 4444 etiam
2460 4380 2529 4443 in
2554 4380 2951 4444 declinandis
2975 4379 3168 4444 bene-

546 4468 709 4534 ficiis
774 4469 983 4532 cautio
1049 4485 1190 4532 esse
1258 4465 1464 4549 debet,
1531 4487 1613 4531 ne
1682 4468 2017 4533 videamur
2084 4467 2340 4534 eosdem
2409 4473 2835 4553 contemnere,
2884 4469 2986 4534 vel
3033 4488 3169 4553 prae

616 4751 672 4816 1)
706 4751 964 4815 Schmidt,
997 4751 1221 4803 Bruder.
1254 4780 1318 4788 —
1353 4751 1447 4802 Ed.
1483 4752 1599 4804 Pr.:
1627 4766 1733 4819 por
1766 4750 1935 4819 Prop.
1968 4754 2017 4804 9.
2051 4750 2233 4818 hujus.

551 4891 605 4937 et
616 4818 855 4938 ἳέῦὲἓῖε.
905 4819 1049 4884 Belg.
1101 4833 1165 4869 ex
1215 4819 1450 4870 auctoris
1500 4819 1829 4884 autographo
1881 4819 2018 4870 male
2068 4819 2238 4870 lecto:
2291 4820 2542 4886 iqnav033
2596 4819 2671 4869 sic
2726 4820 2889 4869 etiam
2924 4817 2982 4869 in
3020 4818 3169 4869 Dem.
