3609 5642
501 521 630 583 174
1531 539 1777 585 mons
1824 539 1979 585 puts
2023 540 2085 584 v.

495 706 691 790 hujus
733 706 919 790 defin.
964 709 1037 772 in
1082 707 1146 774 2.
1192 704 1387 772 Schol.
1429 705 1625 787 Prop.
1671 707 1774 771 40.
1817 726 1879 787 p.
1926 706 2034 788 2.),
2101 708 2286 789 cujus
2353 712 2685 791 propterea
2749 708 2934 775 Mens
2981 709 3119 793 (par

498 794 705 964 getza.
739 797 812 950 ᾗ
853 818 916 881 p.
966 797 1066 880 3.),
1112 801 1430 881 quatenus
1481 801 1717 861 aeterna
1761 801 1876 877 est,
1921 815 2115 860 causa
2156 804 2252 861 est
2288 795 2622 881 adaequata
2660 817 2775 863 seu
2812 797 3117 863 formalis.

1569 993 1601 1038 s
1625 992 1660 1038 c
1683 992 1726 1036 H
1744 992 1782 1037 o
1803 992 1843 1037 n
1864 992 1888 1036 1
1910 992 1954 1037 u
1977 993 2040 1037 u.

587 1072 729 1150 Quo
774 1076 971 1159 igitur
1015 1076 1468 1160 unusquisque
1511 1075 1631 1138 hoc
1676 1075 2061 1157 cognitionis
2105 1070 2522 1159 genere‘plus
2545 1074 2758 1158 pollet,
2782 1094 2857 1139 eo
2883 1075 3120 1140 melius

498 1163 602 1226 sui
668 1170 731 1228 et
795 1162 918 1229 Dei
983 1166 1282 1228 conscius
1348 1170 1461 1245 est,
1521 1164 1643 1227 hoc
1702 1168 1817 1245 est,
1877 1181 1952 1227 eo
2013 1166 2109 1227 est
2152 1162 2487 1247 perfectior
2529 1170 2592 1228 et
2638 1163 2896 1247 beatior,
2942 1165 3118 1247 quod

498 1251 709 1316 adhuc
776 1252 1012 1317 clarius
1057 1271 1140 1317 ex
1186 1271 1362 1338 seqq.
1407 1251 1662 1338 patebit.
1709 1250 1835 1316 Sed
1879 1253 1981 1315 hic
2027 1253 2399 1333 notandum,
2445 1252 2638 1336 quod,
2684 1255 2938 1318 tametsi
2978 1254 3114 1335 jam

498 1344 652 1405 certi
701 1361 947 1422 sumus,
993 1339 1270 1407 Mentem
1317 1347 1618 1406 aeternam
1664 1359 1823 1422 esse,
1869 1345 2186 1426 quatenus
2222 1359 2326 1406 res
2364 1342 2485 1405 sub
2510 1343 2884 1406 aeternitatis
2909 1344 3119 1425 specie

499 1431 792 1514 concipit,
854 1450 970 1495 nos
1032 1436 1266 1512 tamen,
1311 1436 1382 1495 ut
1426 1449 1518 1512 ea,
1564 1450 1708 1514 quae
1754 1429 2089 1494 ostendere
2133 1429 2452 1512 volumus,
2494 1429 2746 1495 facilius
2792 1431 3119 1514 explicen-

499 1522 608 1583 tur
666 1524 728 1584 et
780 1519 1011 1585 melius
1053 1520 1514 1604 intelligantur,
1559 1522 1785 1604 ipsam,
1830 1522 2133 1602 tanquam
2177 1520 2310 1601 jam
2356 1520 2660 1602 inciperet
2705 1538 2863 1603 esse,
2908 1524 2970 1584 et
3015 1539 3120 1584 res

496 1606 619 1671 sub
666 1610 1039 1674 aeternitatis
1084 1610 1294 1693 specie
1338 1609 1695 1693 intelligere
1733 1609 1866 1690 jam
1912 1610 2237 1691 inciperet,
2276 1608 2842 1691 considerabimus,
2880 1613 2952 1672 ut
2989 1609 3119 1672 huc

496 1715 706 1780 usque
769 1696 1073 1777 fecimus3
1147 1698 1321 1782 quod
1387 1696 1574 1762 nobis
1618 1696 1864 1781 absque
1910 1696 2044 1761 ullo
2089 1696 2323 1761 erroris
2369 1697 2654 1781 periculo
2699 1697 2908 1762 facere
2952 1697 3121 1779 licet,

498 1785 687 1850 modo
746 1786 931 1851 nobis
993 1787 1204 1852 cautio
1264 1789 1347 1851 sit
1391 1786 1553 1850 nihil
1598 1785 2000 1868 concludere,
2042 1786 2170 1849 nisi
2216 1804 2300 1850 ex
2343 1787 2701 1870 perspicuis
2746 1787 3118 1871 praemissis.

1270 1932 1968 2001 PROPOSITIO
2059 1933 2348 1999 XXXII.

592 2058 900 2146 Quicquid
938 2060 1343 2147 intelliqimus
1386 2062 1565 2127 tertio
1609 2060 1969 2146 coquitionis
2000 2080 2239 2144 ρατιονε,
2276 2081 2342 2125 eo
2379 2059 2771 2143 delectamur,
2794 2064 2853 2126 ct
2874 2059 3122 2145 quidem

500 2151 942 2215 concomitante
984 2150 1125 2216 idea
1169 2149 1295 2217 Dei
1336 2155 1641 2233 tanquam
1685 2170 1894 2215 causa.

1458 2294 2168 2341 DEMONSTRATIQ

589 2375 693 2439 Ex
740 2377 857 2441 hoc
902 2378 1284 2461 cognitionis
1327 2395 1559 2460 genere
1605 2396 1877 2458 summa,
1922 2396 2066 2461 quae
2115 2376 2250 2441 dari
2295 2381 2523 2461 potest,
2559 2374 2793 2440 Mentis
2833 2377 3124 2460 acquies-

502 2466 727 2548 centia,
773 2466 891 2530 hoc
951 2472 1047 2530 est
1091 2468 1226 2550 (per
1269 2466 1373 2529 25.
1418 2464 1648 2551 Affect.
1694 2463 1926 2545 Defin.)
1971 2464 2239 2547 Laetitia,
2285 2465 2506 2548 oritur,
2551 2483 2755 2550 eaque
2802 2465 3124 2529 concomi-

500 2558 675 2619 tante
738 2554 884 2620 idea
952 2557 1056 2620 sui
1122 2557 1257 2639 (per
1300 2552 1489 2636 Prop.
1536 2554 1641 2619 27.
1685 2554 1920 2636 hujus),
1980 2560 2042 2619 et
2087 2560 2555 2639 consequenter
2599 2557 2733 2638 (per
2778 2553 2967 2635 Prop.
3017 2554 3122 2617 30.

500 2642 716 2726 hujus)
762 2646 1225 2710 concomitante
1268 2645 1458 2709 etiam
1501 2643 1644 2709 idea
1689 2641 1810 2709 Dei
1858 2648 2165 2727 tanquam
2212 2661 2422 2707 causa.
2472 2640 2540 2723 Q.
2585 2642 2666 2707 E.
2712 2641 2795 2709 D.

1495 2789 2153 2835 coROLLARIUE

590 2868 696 2933 Ex
762 2871 948 2936 tertio
1017 2871 1401 2954 cognitionis
1467 2889 1701 2955 genere
1762 2871 1965 2934 oritur
2024 2870 2384 2934 necessario
2430 2870 2632 2933 Amor
2676 2866 2797 2934 Dei
2841 2866 3123 2933 intellec-

503 2959 714 3023 tualis.
758 2957 924 3024 Nam
970 2978 1053 3025 ex
1100 2961 1216 3024 hoc
1260 2961 1640 3044 cognitionis
1684 2978 1918 3044 genere
1963 2960 2168 3024 oritur
2212 2962 2347 3042 (per
2391 2957 2581 3038 Prop.
2621 2962 2828 3038 proec.)
2871 2957 3127 3021 Laetitia

505 3049 970 3114 concomitante
1028 3049 1172 3113 idea
1229 3046 1351 3113 Dei
1396 3053 1702 3133 tanquam
1750 3067 1963 3131 causa,
2008 3049 2127 3112 hoc
2174 3053 2270 3112 est
2321 3048 2458 3131 (per
2506 3048 2563 3110 6.
2611 3046 2839 3130 Affoet.
2886 3045 3125 3128 Defin.)

502 3137 707 3201 Amor
751 3135 891 3220 Dei,
936 3157 1065 3201 non
1113 3143 1431 3221 quatenus
1474 3139 1688 3221 ipsum
1736 3142 1810 3202 ut
1855 3143 2236 3222 praesentem
2285 3138 2715 3220 imaginamur
2760 3139 2896 3220 (per
2933 3134 3125 3215 Prop.

504 3226 607 3290 29.
654 3225 887 3311 hujus),
932 3227 1045 3292 sed
1091 3232 1409 3311 quatenus
1455 3224 1665 3291 Deum
1713 3231 2025 3291 aeternum
2076 3244 2216 3292 esse
2255 3226 2708 3310 intelligimus;
2750 3232 2812 3289 et
2849 3225 2970 3289 hoc
3009 3233 3126 3306 est,

506 3315 677 3399 quod
722 3317 1025 3382 Amorem
1072 3314 1194 3381 Dei
1238 3316 1732 3381 intellectualem
1779 3334 1958 3379 voco.

1261 3465 1961 3532 PROPOSITIO
2053 3464 2377 3530 XXXIII.

593 3589 791 3655 Amor
856 3589 980 3656 Dei
1042 3591 1492 3675 intellectualia
1557 3593 1671 3676 qui
1735 3612 1812 3656 ex
1869 3590 2046 3656 tertio
2106 3590 2469 3673 coynitionis
2508 3609 2727 3672 yenere
2772 3590 2995 3666 oritur,
3039 3594 3130 3653 est

506 3684 793 3744 mnus·
1472 3787 2182 3834 nnmousrlumo.

592 3867 870 3934 Tertium
935 3871 1104 3934 enim
1167 3872 1549 3954 cognitionis
1595 3890 1802 3954 genus
1845 3875 1982 3953 (per
2027 3867 2222 3952 Prop.
2272 3867 2390 3932 31.χ
2424 3866 2631 3951 hujuS,
2674 3872 2736 3933 et
2778 3866 3022 3931 Axiam.
3070 3865 3132 3929 3.

501 3977 563 4037 p.
613 3958 697 4036 1.)
765 3965 862 4023 est
928 3965 1275 4037 aeternum3
1338 3960 1626 4043 adeoque
1691 3959 1825 4043 (per
1869 3958 2026 4023 idem
2075 3956 2321 4021 Axiom.
2361 3978 2430 4042 p.
2477 3958 2562 4036 1.)
2625 3959 2843 4040 Amor,
2889 3958 3003 4040 qui
3050 3974 3136 4020 ex

504 4047 725 4111 eodem
776 4050 995 4131 oritur,
1040 4054 1135 4114 est
1181 4050 1368 4114 etiam
1419 4050 1775 4113 necessario
1825 4052 2123 4112 aeternus.
2187 4045 2256 4125 Q.
2304 4045 2383 4110 E.
2431 4044 2513 4110 D.

1587 4180 2063 4227 SGHOLIUM.

597 4259 905 4336 Quamvis
963 4263 1067 4326 hic
1112 4282 1260 4347 erga
1306 4261 1517 4328 Deum
1564 4263 1768 4327 Amor
1809 4263 2197 4347 principium
2243 4281 2374 4326 non
2419 4258 2714 4325 habuerit
2759 4264 2895 4343 (per
2941 4255 3140 4341 Prop.

503 4356 733 4434 prem),
798 4350 987 4415 habet
1053 4356 1262 4418 tamen
1334 4372 1556 4417 omnes
1622 4353 1882 4416 Amoris
1928 4351 2362 4437 perfectiones,
2405 4348 2673 4434 perinde
2731 4367 2805 4411 ac
2851 4349 2907 4412 si
2955 4351 3140 4411 ortus

508 4438 755 4521 fuisset,
823 4441 990 4504 sicut
1056 4443 1126 4505 in
1188 4439 1420 4506 Coroll.
1466 4441 1653 4525 Prop.
1700 4458 1886 4524 praec.
1937 4439 2262 4504 finximus.
2308 4437 2369 4503 N
2372 4457 2444 4503 ec
2490 4437 2625 4502 ulla
2669 4437 2774 4500 hic
2820 4442 2917 4501 est
2962 4434 3142 4500 diffe-

508 4529 731 4609 rentia,
777 4530 906 4592 nisi
951 4530 1122 4613 quod
1169 4530 1353 4595 Mens
1401 4531 1655 4596 easdem
1705 4531 1819 4593 has
1863 4528 2297 4612 perfectiones,
2344 4546 2506 4612 quas
2551 4527 2756 4591 eidem
2788 4526 2924 4608 jam
2963 4543 3143 4589 acce-

508 4617 659 4681 dere
702 4617 1032 4700 finximus,
1079 4625 1350 4683 aeternas
1400 4619 1710 4699 habuerit,
1753 4618 1951 4701 idque
1995 4619 2465 4682 concomitante
2502 4615 2647 4681 idea
2686 4612 2809 4678 Dei
2833 4621 3143 4697 tanquam

509 4726 703 4771 causa
749 4714 1006 4771 aeterna.
1054 4705 1243 4783 Quod
1288 4710 1344 4772 si
1391 4706 1643 4773 Laetitia
1690 4711 1759 4771 in
1804 4708 2184 4772 transitione
2229 4705 2310 4770 ad
2350 4706 2652 4788 majorem
2690 4702 3146 4787 perfectionem

510 4797 820 4880 consistit,
880 4795 1221 4860 Beatitudo
1284 4815 1442 4862 sane
1488 4800 1557 4861 in
1603 4816 1678 4862 eo
1725 4798 2075 4862 consistere
2121 4795 2326 4879 debet,
2374 4793 2544 4879 quod
2589 4792 2775 4858 Mens
2821 4794 2960 4876 ipsa
3004 4810 3148 4875 per-

507 4885 782 4951 fectione
828 4885 909 4950 sit
953 4885 1232 4970 praedita.
2990 4900 2994 4904 ·
