3609 5642
511 463 639 526 152
1538 481 1787 527 mmcm
1830 483 1985 528 nus
2028 483 2116 528 iv.

1463 667 2177 714 DBHONSTBATIO.

595 746 828 830 Hom0,
895 749 1007 832 qui
1073 746 1345 814 Ratione
1405 749 1684 831 ducitur,
1727 768 1860 813 non
1910 750 2171 813 ducitur
2217 746 2394 814 Metu
2439 750 2519 813 ad
2566 749 3132 833 obtemperandum

507 841 645 921 (per
686 835 881 921 Prop.
921 837 1025 901 63.
1069 837 1318 922 hujus„
1366 839 1499 922 sed,
1544 843 1863 922 quatenus
1909 858 2101 903 suum
2149 856 2291 903 esse
2335 857 2419 903 ex
2463 837 2752 903 Rationis
2792 839 3135 903 dictamine

510 943 892 991 conservare
958 931 1245 1011 conatur,
1311 927 1434 992 hoc
1499 932 1598 992 est
1664 936 1799 1011 (per
1867 926 2065 993 Sahal.
2134 925 2329 1012 Prop.
2400 928 2504 992 66.
2550 926 2766 1010 hujus)
2811 932 3133 1012 quatenus

507 1013 706 1079 libere
773 1016 990 1081 vivere
1056 1021 1342 1100 conatur,
1409 1018 1772 1081 communis
1843 1017 1994 1081 vitoe
2061 1020 2126 1082 et
2195 1016 2489 1081 utilitatis
2542 1018 2853 1082 rationem
2916 1020 3135 1081 tenere

507 1108 650 1187 (per
691 1102 879 1188 Prop.
926 1103 1029 1168 37.
1073 1102 1309 1188 hujus),
1356 1110 1421 1170 οι
1466 1110 1936 1189 consequenter
1979 1110 2077 1183 (ut
2119 1106 2189 1169 iu
2235 1103 2430 1170 Schol.
2469 1105 2530 1170 2.
2577 1105 2767 1190 Prop.
2813 1104 2916 1169 37.
2940 1104 3133 1187 hujus

507 1191 910 1274 ostendimus)
976 1211 1061 1258 ex
1128 1194 1458 1258 communi
1525 1192 1820 1259 Civitatis
1888 1195 2141 1259 decreto
2210 1197 2429 1261 vivere
2489 1196 2682 1279 cupit.
2745 1194 2937 1279 Cupit
2982 1212 3131 1279 ergo

507 1281 721 1364 1101110,
766 1282 881 1453 (131
925 1279 1197 1436 Βαιῗὶιιω
1243 1283 1521 1366 ducitur,
1569 1288 1642 1347 ut
1686 1282 1956 1349 liberius
2001 1285 2197 1367 vivat,
2243 1285 2612 1349 communia
2657 1282 2948 1349 Civitatis
2986 1285 3136 1367 jura

509 1375 747 1436 tenere.
855 1420 869 1435 .
916 1370 993 1435 Ε.
1111 1419 1128 1437 .

598 1559 756 1624 Haec
800 1565 865 1625 et
910 1561 1165 1644 similia,
1210 1578 1359 1646 quae
1405 1561 1486 1626 de
1531 1480 1682 1626 νέιξ
1703 1480 2345 1627 ἳιὲιζῖηὲ8ῃ1ιδοτι8ιο
2389 1561 2806 1644 ostendimus,
2852 1563 2935 1627 ad
2979 1562 3133 1627 For-

511 1650 872 1732 titudinem,
941 1650 1061 1715 hoc
1127 1656 1226 1716 est
1288 1654 1426 1734 (per
1495 1648 1690 1716 Schol.
1756 1650 1948 1735 Prop.
2018 1651 2121 1715 59.
2173 1670 2235 1736 p.
2281 1651 2365 1731 3.)
2409 1651 2490 1715 ad
2534 1652 3026 1716 Animositatem
3050 1657 3135 1728 et

512 1737 1015 1805 Generositatem
1077 1739 1458 1806 referuntur.
1518 1739 1654 1804 Nec
1716 1758 1926 1825 operoe
1970 1742 2245 1825 pretium
2295 1740 2480 1823 duco,
2524 1759 2746 1805 omnes
2789 1739 3134 1805 Fortitudi-

510 1827 613 1892 nis
672 1828 1087 1912 proprietates
1132 1829 1237 1892 hic
1283 1831 1622 1913 separatim
1672 1830 2127 1911 demonstrare,
2173 1835 2238 1894 et
2282 1829 2484 1894 multo
2532 1831 2767 1910 minus,
2813 1829 2988 1913 quod
3035 1832 3135 1893 vir

511 1915 694 1981 fortis
759 1918 1080 1983 neminem
1153 1917 1298 1982 odio
1367 1916 1615 2000 habeat,
1680 1919 1925 1983 nemini
1989 1920 2321 2000 irascatur,
2382 1919 2684 2002 invideat,
2743 1920 3133 2003 indignetur,
3262 1934 3269 1939 ·

511 2007 837 2071 neminem
904 2006 1229 2090 despiciat,
1293 2008 1690 2091 minimeque
1756 2006 2101 2091 superbiat.
2170 2007 2337 2073 Nam
2399 2008 2556 2091 haec,
2599 2013 2663 2073 et
2709 2009 2946 2091 omnia,
2989 2027 3135 2092 quae

512 2093 591 2158 ad
663 2112 879 2159 veram
925 2096 1122 2159 vitam
1169 2100 1234 2161 et
1276 2093 1674 2180 Religionem
1723 2101 2031 2181 spectant,
2073 2096 2260 2161 facile
2304 2116 2388 2162 ex
2433 2096 2878 2182 Propositione
2924 2098 3026 2161 37.
3074 2103 3137 2163 et

512 2183 616 2247 46.
683 2184 879 2268 huJus
945 2183 1156 2250 Partis
1224 2187 1730 2267 convincuntur3
1801 2204 2035 2271 nempe
2102 2186 2277 2271 quod
2344 2184 2581 2251 Odium
2627 2187 2875 2252 Amore
2912 2191 3141 2251 contra

511 2272 904 2338 vincendum
971 2275 1073 2356 sit,
1141 2277 1206 2339 et
1272 2274 1443 2358 quod
1514 2277 1990 2360 unusquisque,
2059 2276 2175 2360 qui
2236 2273 2508 2340 Ratione
2551 2275 2827 2357 ducitur,
2873 2274 3138 2357 bonum,

516 2362 689 2445 quod
756 2362 881 2427 sibi
949 2364 1207 2447 appetit,
1270 2363 1539 2448 reliquis
1606 2365 1797 2429 etiam
1845 2369 1919 2429 ut
1963 2365 2065 2447 sit,
2111 2365 2344 2449 cupiat.
2394 2364 2498 2427 Ad
2545 2364 2719 2448 quod
2763 2364 3006 2430 accedit
3051 2365 3136 2447 id,

515 2451 685 2534 quod
745 2453 811 2515 in
858 2450 1113 2517 Scholio
1159 2451 1624 2537 Propositionis
1673 2454 1775 2517 50.
1821 2453 2019 2537 hujus
2064 2452 2295 2537 Partis,
2340 2457 2404 2518 et
2449 2451 2593 2517 aliis
2636 2454 2706 2517 in
2753 2453 2914 2517 locis
2959 2459 3138 2518 nota-

513 2540 762 2604 vimus:
833 2541 1004 2625 quod
1075 2541 1319 2606 scilicet
1376 2544 1478 2605 vir
1537 2541 1720 2607 fortis
1766 2543 1887 2607 1100
1934 2544 2218 2627 apprime
2263 2542 2642 2626 consideret,
2685 2560 2918 2628 nempe
2963 2543 3136 2627 quod

512 2630 728 2693 omnia
794 2647 878 2695 ex
945 2632 1323 2695 necessitate
1389 2630 1631 2696 divinae
1676 2635 1926 2696 naturae
1972 2636 2345 2716 sequantur,
2390 2650 2466 2695 ac
2508 2631 2777 2716 proinde
2825 2633 3137 2716 quicquid

512 2719 852 2782 molestum
921 2723 985 2784 et
1054 2718 1296 2784 malum
1355 2737 1496 2785 0880
1539 2722 1793 2804 cogitat,
1839 2726 1903 2786 et
1950 2720 2258 2806 quicquid
2303 2725 2613 2806 praeterea
2658 2721 2950 2805 impium,
2993 2723 3138 2786 hor-

509 2806 801 2888 rendum,
844 2808 1181 2891 injustum,
1224 2814 1289 2874 οι
1331 2812 1521 2893 turpe
1567 2810 1842 2892 videtur,
1884 2829 1970 2875 ex
2016 2829 2091 2875 00
2138 2811 2360 2893 oritur,
2406 2809 2578 2894 quod
2623 2829 2728 2875 res
2778 2810 2954 2894 ipsas
2997 2830 3139 2896 per-

510 2895 781 2980 turbate,
827 2896 1134 2980 mutilate,
1181 2901 1245 2963 et
1288 2897 1555 2964 confuse
1599 2900 1911 2981 concipit3
1958 2903 2023 2965 et
2065 2900 2185 2964 hac
2230 2901 2310 2965 de
2331 2918 2529 2965 causa
2550 2900 2838 2984 apprime
2861 2905 3135 2964 conatur

511 3003 633 3067 res,
678 2991 751 3049 ut
794 2987 864 3049 in
910 3004 980 3052 se
1022 2990 1192 3069 sunt,
1237 2988 1588 3072 concipere,
1634 2992 1698 3053 et
1737 3006 1907 3052 verae
1931 2990 2317 3073 cognitionis
2340 2988 2797 3072 impedimenta
2820 3008 3142 3066 amovere,

513 3078 587 3138 ιιι
652 3080 807 3139 sunt
874 3072 1133 3155 Odium,
1196 3074 1322 3159 Ira,
1364 3075 1638 3160 Invidia,
1679 3076 1922 3162 IrrisiO,
1967 3075 2297 3162 Superbia,
2340 3083 2403 3142 et
2447 3078 2700 3163 reliqua
2744 3078 3138 3161 hujusmodi,

514 3182 664 3247 quae
703 3165 773 3228 in
818 3163 1321 3248 praecedentibus
1367 3167 1769 3247 notavimus3
1810 3172 2005 3251 atque
2042 3168 2217 3251 adeo,
2255 3172 2569 3252 quantum
2594 3171 2829 3251 potest,
2851 3173 3139 3248 conatur,

514 3257 587 3316 ιιι
645 3252 948 3335 diximus,
993 3252 1159 3319 bene
1202 3273 1391 3339 agere
1433 3260 1496 3320 et
1541 3256 1762 3320 laetari.
1810 3253 2166 3341 Quousque
2212 3261 2424 3322 autem
2472 3256 2755 3321 humana
2802 3258 3011 3321 virtus
3057 3256 3138 3320 ad

514 3342 1150 3495 haecbconsequenda
1191 3362 1261 3410 se
1305 3345 1627 3428 extendat,
1673 3349 1739 3410 et
1783 3345 1943 3429 quid
1979 3346 2201 3430 possit,
2236 3346 2306 3409 in
2349 3347 2645 3429 sequenti
2668 3345 2859 3413 Parte
2882 3345 3145 3412 demon-

519 3451 550 3496 s
612 3451 652 3495 a
695 3450 749 3495 0.

1522 3521 2149 3588 APPENDIX.

609 3632 763 3713 Quoe
827 3634 900 3698 in
965 3632 1085 3698 hac
1147 3632 1347 3700 Parte
1411 3634 1488 3701 de
1552 3639 1724 3701 recta
1790 3636 2039 3701 vivendi
2094 3635 2339 3701 ratione
2383 3635 2641 3720 tradidi,
2684 3655 2816 3702 nou
2859 3642 3004 3700 sunt
3049 3636 3143 3700 ita

515 3723 834 3806 disposita,
897 3727 972 3787 ut
1015 3741 1140 3789 uno
1182 3730 1432 3805 aspectu
1477 3724 1678 3790 videri
1707 3726 1974 3809 possint,
2017 3725 2128 3789 sed
2169 3724 2443 3806 disperse
2487 3747 2528 3790 a
2572 3745 2668 3791 me
2708 3726 3142 3791 demonstrata

516 3817 685 3894 suut,
741 3817 939 3897 prout
1003 3812 1229 3877 scilicet
1290 3833 1492 3878 uuum
1558 3834 1633 3878 ex
1697 3813 1824 3880 alio
1892 3813 2151 3899 facilius
2194 3814 2488 3879 deducere
2526 3816 2854 3899 potuerim.
2901 3814 3147 3881 Eadem

517 3901 714 3987 iqitur
754 3901 852 3966 hic
893 3900 1240 3985 recolliyere
1284 3909 1343 3968 et
1384 3901 1475 3968 ad
1514 3922 1757 3968 summa
1802 3904 2012 3989 capita
2057 3903 2336 3988 rediqere
2375 3904 2686 3989 proposui.

1581 4026 1954 4094 CAPUT
2042 4030 2093 4095 Ι.

607 4138 846 4205 Omnes
891 4142 1094 4205 nostri
1140 4144 1428 4225 conatus,
1474 4160 1589 4206 seu
1638 4141 2049 4227 Cupiditates,
2094 4162 2177 4208 ex
2221 4144 2597 4209 necessitate
2632 4148 2871 4209 nostrae
2895 4148 3146 4208 naturae

521 4230 609 4293 ita
668 4233 1047 4313 sequuntur,
1093 4235 1166 4295 ιιι
1210 4232 1312 4295 vel
1358 4250 1472 4315 per
1516 4233 1718 4316 ipsam
1770 4232 1992 4313 solam,
2038 4238 2343 4317 tanquam
2393 4252 2505 4317 per
2550 4236 2911 4318 proximam
2960 4252 3145 4298 suam

522 4337 801 4401 causam,
866 4320 1116 4402 possint
1174 4319 1463 4404 intelligi,
1525 4321 1627 4387 vel
1676 4326 1995 4405 quatenus
2039 4318 2309 4387 Naturae
2357 4342 2585 4388 sumus
2632 4343 2798 4407 pars,
2842 4343 2992 4407 quae
3034 4342 3150 4407 per

524 4426 593 4472 se
638 4405 884 4493 absque
928 4407 1071 4473 aliis
1114 4408 1467 4475 individuis
1515 4429 1643 4474 non
1691 4415 1902 4495 potest
1945 4412 2282 4496 adaequate
2328 4414 2596 4496 concipi.

1567 4532 1937 4601 CAPUT
2025 4535 2110 4600 11.

612 4643 1022 4730 Cupiditates,
1091 4665 1239 4730 quae
1306 4665 1391 4713 ex
1459 4653 1679 4714 nostra
1747 4655 1976 4715 natura
2041 4651 2127 4714 ita
2192 4654 2577 4734 sequuntur,
2648 4655 2721 4715 ut
2780 4669 2894 4735 per
2936 4652 3143 4736 ipsam

521 4735 722 4800 solam
768 4736 1014 4819 possint
1058 4735 1345 4820 intelligi,
1390 4744 1547 4802 sunt
1590 4740 1740 4820 illae,
1788 4759 1933 4823 quae
1975 4740 2055 4803 ad
2098 4738 2378 4804 Mentem
2418 4739 2799 4822 referuntur,
2824 4746 3148 4823 quatenus

526 4825 662 4889 haec
718 4825 883 4889 ideis
941 4824 1299 4910 adaequatis
1343 4832 1637 4892 constare
1681 4829 2071 4913 concipitur;
2118 4829 2384 4914 reliquae
2430 4848 2583 4895 vero
2631 4827 3026 4913 Cupiditates
3070 4832 3152 4895 ad
