3609 5642
1606 576 1690 621 nn
1732 574 1950 620 mm.
3002 553 3088 616 35

1419 761 2137 808 DEMONSTRATIQ

549 847 710 912 Esse
754 849 926 911 enim
976 845 1352 911 substantiae
1398 845 1673 909 involvit
1717 844 2142 908 necessariam
2186 843 2591 906 existentiam
2633 844 2780 923 (per
2801 840 2990 926 Pr0p.
3030 840 3090 904 7.

457 955 521 1017 p.
570 936 668 1016 1.).
736 935 806 1000 Si
873 937 1072 1020 igitur
1135 934 1216 998 ad
1278 934 1557 998 hominis
1603 934 1946 999 essentiam
1994 932 2269 1016 pertinet
2316 949 2457 996 esse
2503 930 2899 1013 substantiae,
2945 932 3094 995 data

463 1044 614 1110 ergo
663 1024 1027 1090 substantia
1074 1023 1333 1089 daretur
1378 1023 1736 1088 necessario
1782 1022 1974 1086 homo
2022 1024 2167 1105 (per
2210 1019 2423 1102 Defin.
2469 1020 2532 1084 2.
2570 1019 2802 1105 hujus),
2840 1025 2903 1085 et
2944 1039 3095 1085 con-

467 1119 812 1199 sequenter
855 1116 1043 1178 homo
1089 1114 1449 1178 necessario
1493 1113 1814 1194 existeret,
1855 1111 2029 1195 quod
2067 1113 2213 1197 (per
2247 1110 2371 1175 Ax.
2412 1110 2471 1173 1.
2494 1110 2707 1195 hujus)
2744 1114 2841 1175 est
2871 1108 3095 1175 absur-

467 1204 638 1268 dum.
684 1202 858 1288 Ergo
905 1208 1020 1268 etc.
1073 1200 1142 1280 Q.
1189 1201 1266 1266 Ε.
1311 1198 1395 1267 D.

1541 1309 1574 1354 s
1599 1308 1634 1354 c
1657 1309 1701 1353 H
1724 1308 1762 1354 o
1786 1309 1825 1353 L
1846 1309 1871 1354 1
1891 1309 1935 1353 n
1957 1309 2020 1352 u.

556 1391 1048 1458 Demonstratur
1093 1392 1282 1456 etiam
1329 1390 1468 1454 haec
1511 1389 1872 1474 Propositio
1919 1407 2000 1454 ex
2048 1388 2494 1473 Propositione
2542 1391 2600 1453 5.
2640 1410 2701 1474 p.
2753 1390 2829 1472 1.‚
2865 1407 3097 1472 nempe

471 1483 643 1564 quod
692 1481 838 1545 duae
885 1480 1172 1564 ejusdem
1221 1485 1471 1545 naturae
1519 1478 1897 1544 substantiae
1942 1497 2074 1542 non
2121 1477 2368 1543 dentur.
2416 1475 2576 1543 Cum
2624 1481 2839 1544 autem
2877 1478 3098 1562 plures

469 1572 759 1636 homines
825 1572 1101 1635 existere
1167 1571 1433 1653 possint,
1503 1587 1655 1653 ergo
1721 1568 1809 1651 id,
1871 1568 2045 1653 quod
2105 1567 2383 1631 hominis
2427 1566 2695 1632 formam
2744 1569 3099 1649 constituit,

468 1679 600 1725 non
669 1664 767 1724 est
833 1678 975 1725 esse
1044 1657 1440 1724 substantiae.
1509 1656 1693 1722 Patet
1753 1662 2061 1742 praeterea
2110 1657 2250 1720 haec
2296 1656 2655 1739 Propositio
2701 1675 2785 1722 ex
2829 1657 3100 1740 reliquis

469 1749 846 1815 substantiae
915 1747 1429 1833 proprietatibus,
1498 1746 1815 1825 videlicet,
1883 1745 2056 1831 quod
2127 1745 2484 1810 substantia
2550 1747 2634 1811 sit
2693 1748 2813 1811 sua
2871 1746 3101 1810 natura

464 1838 732 1920 infinita,
771 1836 1212 1919 immutabilis,
1250 1835 1665 1901 indivisibilis
1690 1841 1828 1920 etc.,
1851 1841 1925 1900 ut
1945 1834 2131 1900 facile
2155 1837 2610 1919 unusquisque
2635 1835 2851 1901 videre
2873 1837 3098 1919 potest.

1440 1968 2103 2014 OOROLLARIUE

557 2051 730 2116 Hinc
776 2053 1088 2136 sequitur,
1133 2052 1474 2117 essentiam
1521 2051 1800 2115 hominis
1842 2050 2146 2115 constitui
2186 2068 2222 2113 a
2259 2051 2451 2114 certis
2488 2047 2612 2114 Dei
2647 2048 3101 2114 attributorum

477 2140 1075 2206 modificationibus.
1117 2140 1282 2205 Nam
1330 2159 1472 2205 esse
1518 2139 1898 2204 substantiae
1936 2140 2082 2219 (per
2118 2137 2311 2220 Prop.
2339 2138 2630 2223 proeced.)
2656 2139 2737 2203 ad
2758 2139 3101 2204 essentiam

477 2231 757 2295 hominis
802 2250 935 2295 non
982 2233 1271 2314 pertinet.
1318 2228 1438 2295 Est
1483 2247 1637 2313 ergo
1683 2232 1832 2310 (per
1876 2226 2071 2312 Prop.
2120 2228 2220 2291 15.
2256 2249 2325 2312 p.
2373 2229 2453 2310 1.)
2501 2228 2766 2312 aliquid,
2812 2228 2986 2312 quod
3030 2229 3101 2290 in

473 2317 611 2384 Deo
681 2324 796 2401 est,
865 2324 928 2384 et
999 2319 1170 2402 quod
1241 2320 1381 2384 sine
1450 2316 1587 2384 Deo
1649 2337 1767 2383 nec
1826 2337 1967 2383 esse
2025 2336 2147 2381 nec
2208 2319 2458 2403 concipi
2503 2322 2731 2402 potest,
2776 2319 2914 2383 sive
2956 2319 3106 2400 (per

480 2407 696 2474 Oorou.
744 2407 934 2492 Prop.
982 2408 1086 2473 25.
1125 2428 1188 2489 p.
1236 2408 1317 2488 1.)
1364 2407 1631 2489 affectio,
1677 2409 1815 2473 sive
1860 2407 2108 2490 modus,
2153 2408 2268 2491 qui
2313 2405 2436 2472 Dei
2480 2412 2775 2472 naturam
2822 2411 2995 2473 certo
3041 2409 3104 2470 et

478 2498 894 2563 determinato
934 2498 1122 2561 modo
1168 2498 1488 2581 exprimit.

1551 2617 2021 2663 SCHOLIUM.

571 2698 811 2765 Omnes
880 2719 1033 2765 sane
1101 2699 1449 2766 concedere
1517 2697 1768 2782 debent,
1829 2698 1991 2762 nihil
2039 2701 2180 2764 sine
2224 2696 2360 2764 Deo
2408 2717 2549 2764 esse
2595 2717 2808 2783 neque
2854 2699 3104 2783 concipi

474 2809 677 2874 posse.
744 2789 911 2853 Nam
972 2790 1143 2874 apud
1205 2808 1426 2854 omnes
1472 2790 1541 2853 in
1590 2788 1880 2854 confesso
1927 2792 2041 2871 est,
2087 2788 2259 2872 quod
2305 2786 2485 2853 Deus
2530 2790 2819 2853 omnium
2867 2806 3103 2868 rerum,

473 2885 601 2944 tam
673 2896 891 2944 earum
963 2881 1258 2944 essentiae
1328 2898 1521 2963 quam
1589 2897 1812 2942 earum
1872 2879 2251 2960 existentiae,
2313 2879 2507 2942 unica
2564 2882 2661 2943 est
2707 2897 2934 2957 causa3
2982 2877 3102 2940 hoc

474 2973 588 3050 est,
656 2966 836 3033 Deus
897 2988 1027 3032 non
1073 2972 1324 3032 tantum
1369 2972 1466 3031 est
1512 2987 1708 3033 causa
1751 2986 1970 3032 rerum
2017 2967 2377 3032 secundum
2422 2966 2582 3050 fieri,
2627 2971 2700 3032 ut
2745 2968 2944 3050 aJunt,
2990 2965 3103 3030 sed

474 3059 661 3122 etiam
735 3056 1090 3122 secundum
1158 3076 1315 3122 esse.
1379 3057 1471 3120 At
1530 3058 1785 3122 interim
1848 3056 2138 3141 plerique
2196 3056 2265 3120 id
2311 3056 2393 3120 ad
2437 3057 2780 3121 essentiam
2828 3056 3103 3138 alicujus

473 3148 566 3211 rei
612 3148 930 3231 pertinere
974 3146 1215 3228 dicunt,
1261 3148 1402 3211 sine
1447 3164 1577 3229 quo
1623 3164 1727 3211 res
1772 3163 1893 3210 nec
1937 3164 2078 3211 esse
2116 3163 2235 3209 nec
2274 3146 2525 3230 concipi
2547 3148 2785 3230 potest,
2812 3144 3105 3228 adeoque

474 3235 577 3300 vel
646 3240 940 3300 naturam
1008 3233 1130 3301 Dei
1198 3236 1280 3300 ad
1348 3235 1690 3300 essentiam
1757 3252 1976 3299 rerum
2038 3239 2395 3300 creatarum
2454 3235 2790 3318 pertinere,
2852 3233 2956 3298 vel
2998 3252 3103 3298 res

475 3327 717 3389 creatas
764 3325 904 3388 sine
947 3322 1085 3389 Deo
1133 3324 1234 3389 vel
1281 3343 1422 3389 esse
1468 3323 1569 3388 vel
1616 3324 1867 3408 concipi
1910 3342 2098 3408 posse
2144 3322 2433 3406 credunt,
2478 3323 2598 3406 vel,
2643 3322 2819 3407 quod
2863 3322 3105 3389 certius

473 3417 586 3495 est,
632 3413 756 3477 sibi
802 3432 933 3476 non
980 3415 1136 3478 satis
1182 3417 1493 3478 constant.
1542 3410 1744 3497 Cujus
1788 3413 1884 3477 rei
1931 3431 2190 3478 causam
2235 3411 2439 3478 fuisse
2478 3412 2687 3496 cred0,
2728 3411 2902 3496 quod
2937 3411 3105 3476 ordi-

478 3520 626 3566 nem
688 3501 1192 3586 Philosophandi
1238 3522 1371 3567 non
1417 3504 1759 3568 tenuerint.
1804 3500 1973 3567 Nam
2018 3506 2317 3566 naturam
2367 3501 2669 3585 divinam,
2716 3520 2910 3585 quam
2956 3505 3105 3565 ante

485 3591 700 3654 omnia
766 3593 1181 3676 contemplari
1244 3590 1577 3673 debebant,
1623 3593 1776 3676 quia
1820 3596 1950 3656 tam
2000 3592 2365 3676 cognitione
2413 3610 2608 3675 quam
2656 3592 2885 3655 natura
2931 3590 3107 3673 prior

473 3683 597 3761 est,
644 3678 866 3744 ordine
911 3681 1295 3764 cognitionis
1342 3680 1650 3763 ultimam,
1695 3685 1759 3745 et
1795 3699 1917 3761 res,
1956 3699 2105 3765 quae
2144 3699 2455 3746 sensuum
2493 3679 2740 3764 objecta
2777 3683 3108 3762 vocantur,

486 3768 786 3833 omnibus
831 3770 1076 3853 priores
1122 3788 1262 3835 esse
1309 3769 1746 3851 crediderunt3
1794 3770 1969 3835 unde
2011 3770 2253 3834 factum
2300 3772 2414 3851 est,
2460 3774 2551 3847 ut,
2598 3769 2755 3833 dum
2794 3786 2898 3833 res
2920 3772 3107 3832 natu-

484 3857 649 3921 rales
715 3858 1142 3942 comtemplati
1211 3864 1381 3942 sunt,
1451 3857 1530 3923 de
1596 3858 1779 3923 nulla
1847 3877 1918 3923 re
1986 3860 2203 3923 minus
2270 3859 2708 3943 cogitaverint,
2768 3876 2964 3942 quam
3026 3856 3107 3921 de

488 3946 703 4010 divina
773 3951 1020 4029 natura,
1089 3952 1150 4012 et
1217 3967 1366 4013 cum
1427 3951 1646 4031 postea
1692 3948 1979 4013 animum
2028 3947 2107 4013 ad
2153 3947 2436 4012 divinam
2485 3952 2778 4012 naturam
2825 3950 3106 4011 contem-

485 4034 791 4118 plandum
863 4037 1245 4121 appulerint,
1305 4037 1384 4102 de
1444 4036 1624 4100 nulla
1681 4056 1750 4101 re
1811 4039 2029 4101 minus
2075 4038 2352 4120 cogitare
2394 4038 2741 4120 potuerint,
2789 4054 2983 4119 quam
3030 4034 3109 4100 de

486 4125 710 4208 primis
780 4126 917 4189 suis
984 4125 1326 4210 figmentis,
1396 4125 1633 4209 quibus
1693 4145 1911 4191 rerum
1971 4126 2364 4191 naturalium
2412 4126 2838 4210 cognitionem
2888 4140 3110 4208 super-

487 4217 875 4295 struxerant,
944 4219 1168 4298 utpote
1233 4234 1380 4298 quae
1450 4215 1530 4279 ad
1599 4216 2029 4300 cognitionem
2099 4216 2337 4279 divinae
2383 4219 2633 4279 naturae
2678 4213 2841 4278 nihil
2877 4215 3110 4296 juvare

486 4306 810 4385 poterant3
860 4304 1148 4387 adeoque
1186 4304 1348 4368 nihil
1392 4304 1650 4385 mirum,
1695 4306 1752 4369 si
1795 4302 1921 4369 sibi
1966 4306 2205 4389 passim
2251 4303 2771 4368 contradixerint.
2818 4301 2945 4367 Sed
2988 4302 3110 4365 hoc

489 4392 689 4456 mitto.
734 4390 903 4456 Nam
950 4411 1166 4457 meum
1212 4394 1532 4457 intentum
1579 4393 1682 4456 hic
1726 4398 1976 4458 tantum
2022 4395 2166 4477 fuit,
2212 4412 2470 4459 causam
2515 4392 2801 4475 reddere,
2837 4411 2956 4456 cur
2976 4409 3109 4455 non

489 4478 784 4563 dixerim,
826 4482 894 4545 id
939 4482 1021 4546 ad
1066 4483 1408 4547 essentiam
1453 4483 1728 4565 alicujus
1772 4484 1865 4548 rei
1911 4485 2247 4567 pertinere,
2292 4484 2431 4548 sine
2478 4501 2608 4565 quo
2654 4499 2758 4546 res
2803 4499 2924 4545 nec
2969 4499 3111 4545 esse

490 4587 609 4633 nec
677 4571 929 4654 concipi
992 4575 1232 4656 potest3
1304 4572 1611 4635 nimirum
1681 4572 1835 4654 quia
1891 4590 1995 4637 res
2055 4572 2415 4657 singulares
2477 4589 2609 4635 non
2654 4576 2927 4654 possunt
2971 4571 3112 4635 sine

490 4655 627 4723 Deo
695 4677 836 4724 esse
880 4678 1000 4725 nec
1046 4662 1317 4744 concipi,
1363 4665 1427 4725 et
1472 4665 1687 4725 tamen
1734 4659 1913 4725 Deus
1958 4660 2040 4725 ad
2085 4680 2303 4726 earum
2352 4661 2694 4728 essentiam
2744 4678 2877 4723 non
2921 4660 3111 4742 perti·

489 4752 632 4829 net;
680 4749 792 4813 sed
838 4748 907 4812 id
949 4752 1307 4815 necessario
1346 4752 1687 4815 essentiam
1734 4749 2009 4832 alicujus
2053 4752 2148 4815 rei
2193 4751 2580 4815 constituere
2617 4748 2772 4831 dixi,
2811 4766 2940 4832 quo
2964 4748 3111 4812 dato

493 4854 597 4900 res
664 4840 947 4921 ponitur,
1007 4843 1069 4904 et
1114 4859 1244 4924 quo
1290 4838 1543 4904 sublato
1587 4857 1691 4904 res
1734 4839 2016 4904 tollitur:
2065 4841 2170 4905 vel
2212 4839 2299 4923 id,
2343 4840 2484 4905 sine
2530 4856 2660 4923 quo
2704 4855 2828 4921 res,
2864 4839 2929 4901 et
2971 4838 3113 4901 vice

494 4943 681 4991 versa
728 4926 818 5011 id,
865 4928 1041 5012 quod
1085 4929 1225 4993 sine
1270 4947 1359 5012 re,
1404 4946 1523 4994 nec
1567 4946 1707 4994 esse
1749 4947 1869 4993 nec
1914 4929 2167 5014 concipi
2208 4932 2433 5013 potest.
