3609 5642
1524 561 1606 606 π
1651 559 2042 607 Amemus.
3005 539 3087 603 67

469 748 612 879 {¹¹¹ae
658 727 886 793 deinde
923 728 1340 812 inadaequatae
1403 732 1556 792 sunt
1613 730 1683 792 in
1728 726 1961 810 Mente,
2009 730 2163 791 sunt
2207 729 2399 792 etiam
2444 729 2514 791 in
2559 725 2695 792 Deo
2744 726 2894 811 (per
2929 726 3091 792 idem

523 814 718 897 orell.)
765 817 1137 901 adaequatae,
1177 836 1308 881 non
1349 823 1667 900 quatenus
1705 817 1988 900 ejusdem
2030 815 2431 880 solummodo
2471 815 2706 882 Mentis
2729 817 3093 899 essentiam,

468 906 582 971 sed
628 907 816 971 etiam
863 912 1184 990 quatenus
1229 907 1499 970 aliarum
1539 925 1753 972 rerum
1794 904 2043 970 Montes
2088 906 2156 968 in
2196 924 2266 970 se
2303 906 2498 970 simul
2521 908 2820 971 continet.
2843 904 3092 970 Deinde

467 1014 552 1059 ex
619 996 767 1059 data
829 1013 1220 1079 quacunque
1281 996 1425 1060 idea
1482 996 1715 1079 aliquis
1761 994 2025 1060 effectus
2069 995 2254 1077 sequi
2299 996 2660 1059 necessario
2706 992 2893 1060 debet
2937 997 3088 1078 (per

469 1082 664 1164 Prop.
712 1083 816 1147 36.
854 1104 922 1165 Ρ.
968 1084 1071 1166 1.),
1116 1085 1305 1167 cujus
1351 1083 1613 1149 effectiis
1658 1082 1838 1148 Deus
1884 1102 2077 1147 causa
2121 1086 2220 1147 est
2257 1083 2591 1167 adaequata
2623 1083 2770 1165 (vid.
2794 1081 3006 1165 Defin.
3032 1084 3091 1146 1.

468 1172 706 1257 huJus),
749 1191 882 1237 non
931 1177 1252 1256 quatenus
1297 1172 1591 1238 infinitus
1637 1178 1752 1255 est,
1795 1173 1911 1237 sed
1959 1175 2280 1256 quatenus
2327 1173 2473 1237 data
2516 1172 2627 1235 illa
2670 1172 2813 1237 idea
2826 1171 3092 1237 affectus

477 1262 919 1327 consideratur
985 1260 1124 1341 (vid.
1184 1260 1380 1342 Prop.
1445 1263 1502 1325 9.
1560 1281 1622 1345 Ρ.
1682 1261 1783 1343 2.).
1844 1262 1933 1324 At
1992 1261 2131 1343 ejus
2192 1260 2470 1343 effectus,
2529 1263 2714 1345 cujus
2774 1258 2952 1326 Deus
2998 1266 3097 1326 est

473 1370 685 1433 causa,
734 1356 1053 1434 quatenus
1099 1350 1365 1416 affectus
1411 1355 1510 1416 est
1554 1350 1715 1434 idea,
1759 1368 1905 1434 quae
1952 1352 2023 1413 in
2070 1349 2343 1432 alicujus
2381 1349 2596 1416 Mente
2619 1356 2717 1415 est
2740 1350 3091 1434 adaequata,

468 1439 579 1503 illa
645 1439 865 1505 eadem
935 1438 1121 1505 Mens
1194 1443 1289 1505 est
1356 1458 1551 1504 causa
1617 1440 1954 1523 adaequata
2022 1443 2041 1518 (
2054 1457 2169 1522 per
2231 1436 2449 1504 Coroll.
2496 1436 2693 1524 Prop.
2739 1438 2842 1503 11.
2884 1459 2945 1520 Ρ.
2994 1438 3093 1519 2.).

477 1527 642 1613 Ergo
709 1527 899 1617 Mens·
962 1532 1180 1593 nostra
1247 1529 1398 1612 (per
1442 1526 1655 1609 Defin.
1702 1528 1762 1592 2.
1809 1526 2024 1611 hujus)
2082 1532 2401 1611 quatenus
2462 1528 2639 1593 ideas
2693 1526 2886 1592 habet
2930 1528 3094 1592 adae-

469 1621 716 1700 quatas,
759 1617 1051 1701 quaedam
1101 1619 1460 1682 necessario
1509 1618 1672 1701 agit3
1724 1615 1910 1693 Quod
1957 1621 2093 1680 erat
2139 1619 2438 1699 primum.
2486 1614 2735 1683 Deinde
2783 1617 3093 1701 quicquid

470 1708 831 1771 necessario
878 1707 1177 1790 sequitur
1220 1724 1305 1771 ex
1350 1705 1510 1790 idea,
1557 1725 1702 1790 quse
1749 1707 1821 1769 in
1866 1703 2003 1770 Deo
2049 1710 2149 1770 est
2193 1705 2544 1790 adaequata,
2590 1724 2723 1770 non
2772 1710 3094 1790 quatenus

466 1794 747 1860 Mentem
814 1797 1012 1860 unius
1074 1796 1355 1860 hominis
1412 1800 1688 1878 tantum,
1733 1794 1846 1859 sed
1894 1797 2215 1879 quatenus
2260 1795 2534 1859 aliarum
2580 1813 2796 1859 rerum
2845 1793 3095 1860 Montes

468 1885 662 1948 simul
707 1903 857 1948 cum
904 1883 1193 1968 ejusdem
1238 1884 1518 1948 hominis
1567 1882 1782 1948 Mente
1819 1885 1891 1946 in
1936 1901 2007 1947 se
2050 1881 2261 1966 habet,
2305 1884 2446 1967 ejus
2494 1886 2642 1968 (per
2677 1883 2842 1948 idem
2871 1881 3095 1951 coron.

469 1971 663 2057 Prop.
734 1972 836 2036 11.
878 1992 938 2054 Ρ.
985 1972 1069 2053 2.)
1131 1973 1309 2037 illius
1370 1973 1654 2037 hominis
1713 1971 1901 2036 Mens
1965 1990 2095 2036 non
2158 1977 2257 2037 est
2316 1991 2512 2038 causa
2572 1973 2920 2056 adaequata,
2982 1973 3094 2038 sed

469 2062 789 2146 partialis3
838 2081 911 2126 ac
956 2062 1223 2146 proinde
1268 2064 1417 2146 (per
1463 2059 1673 2144 Defin.
1721 2061 1782 2125 2.
1822 2060 2039 2144 hujus)
2077 2059 2263 2125 Mens
2302 2066 2621 2145 quatenus
2660 2062 2836 2127 ideas
2858 2062 3097 2126 inadae-

470 2156 695 2235 quatas
748 2150 956 2232 habet,
1004 2149 1298 2234 quaedam
1349 2151 1708 2216 necessario
1758 2152 2030 2235 patitur;
2080 2148 2267 2226 Quod
2313 2154 2448 2216 erat
2493 2150 2874 2217 secundum.
2920 2150 3096 2236 Ergo

472 2239 655 2306 Mens
701 2245 938 2324 nostra,
984 2244 1101 2304 etc.
1153 2238 1222 2318 Q.
1272 2238 1352 2303 E.
1400 2238 1483 2303 D.

1465 2383 2127 2429 COBOLLARIUM.

558 2478 730 2544 Hinc
776 2480 1092 2563 sequitur,
1136 2477 1414 2543 Mentem
1462 2496 1537 2542 eo
1582 2464 1877 2561 pluribus
1922 2476 2333 2562 passionibus
2379 2495 2521 2542 esse
2564 2476 2929 2560 obnoxiam,
2967 2497 3097 2561 quo

474 2569 690 2652 plures
755 2569 932 2633 ideas
977 2568 1422 2652 inadaequatas
1466 2566 1674 2651 habet,
1720 2571 1783 2632 et
1827 2572 2051 2632 contra
2094 2585 2168 2632 eo
2214 2567 2400 2651 plura
2446 2585 2652 2651 agere,
2699 2587 2829 2652 quo
2878 2568 3098 2651 plures

473 2656 661 2723 habet
706 2658 1091 2742 adaequatas.

1352 2778 2053 2846 PROPOSITIO
2143 2780 2226 2844 Π.

563 2916 692 2984 Nec
762 2916 1006 3003 Corpus
1071 2918 1350 2984 Mentem
1418 2918 1507 2984 ad
1565 2917 1980 3001 coyitcmdum,
2036 2937 2146 2983 nec
2191 2917 2385 2983 Mens
2433 2917 2680 3003 Corpus
2721 2918 2810 2983 ad
2849 2924 3102 3002 motum,

471 3028 667 3090 neque
710 3009 800 3073 ad
844 3008 1126 3094 quietem,
1172 3028 1285 3072 nec
1329 3007 1418 3073 ad
1460 3006 1704 3090 aliquid
1745 3007 1828 3087 (si
1872 3005 2029 3092 quid
2071 3012 2186 3086 est)
2221 3007 2407 3073 aliud
2441 3007 2855 3074 determinare
2888 3013 3102 3093 potest.

1431 3151 2149 3198 DEMONSTRATIQ

567 3243 809 3310 Omnes
880 3246 1206 3331 cogitandi
1277 3246 1451 3310 modi
1519 3244 1730 3311 Deum
1800 3250 2119 3330 quatenus
2188 3263 2292 3310 res
2354 3249 2452 3310 est
2512 3246 2819 3327 cogitans,
2864 3249 2927 3309 et
2971 3264 3103 3309 non

475 3339 795 3417 quatenus
841 3335 966 3398 alio
1013 3334 1321 3400 attributo
1370 3335 1744 3420 explicatur,
1780 3353 1896 3419 pro
1935 3353 2130 3399 causa
2150 3333 2387 3399 habent
2411 3337 2559 3415 (per
2581 3332 2776 3419 Prop.
2803 3334 2862 3397 6.
2877 3355 2945 3418 Ρ.
2973 3334 3099 3415 2.);

477 3423 544 3486 id
610 3442 781 3508 ergo,
834 3422 1023 3508 'quod
1092 3422 1373 3489 Mentem
1445 3424 1525 3488 ad
1585 3423 1996 3509 cogitandum
2043 3423 2442 3504 determinat,
2488 3423 2719 3489 modus
2766 3422 3103 3509 Cogitandi

479 3517 595 3595 est,
639 3519 699 3577 et
748 3531 879 3576 non
925 3511 1379 3593 Extensionis3
1427 3513 1548 3576 hoc
1595 3517 1693 3578 est
1737 3516 1885 3596 (per
1928 3510 2137 3593 Defin.
2185 3512 2245 3575 1.
2290 3530 2353 3596 Ρ.
2402 3512 2504 3595 2.),
2542 3531 2673 3576 non
2697 3516 2794 3578 est
2817 3510 3102 3596 Corpus3

481 3598 667 3676 Quod
713 3607 848 3666 erat
891 3603 1193 3686 primum.
1241 3600 1537 3686 Corporis
1585 3601 1817 3667 deinde
1861 3605 2075 3666 motus
2120 3604 2184 3667 et
2230 3604 2416 3685 quies
2455 3600 2534 3665 ab
2574 3601 2699 3666 alio
2740 3602 2893 3665 oriri
2918 3600 3104 3668 debet

480 3708 760 3774 corpore,
805 3691 979 3774 quod
1025 3691 1215 3755 etiam
1262 3690 1344 3754 ad
1393 3694 1638 3754 motum
1683 3691 1791 3755 vel
1837 3692 2119 3774 quietem
2166 3690 2663 3756 determinatum
2703 3689 2827 3755 fuit
2852 3689 2931 3755 ab
2958 3690 3103 3774 alie,

480 3784 544 3843 et
588 3777 895 3862 absolute,
941 3779 1254 3863 quicquid
1299 3781 1368 3843 in
1415 3798 1678 3863 corpore
1723 3781 1945 3862 oritur,
1982 3779 2049 3842 id
2089 3799 2127 3843 a
2163 3776 2301 3845 Deo
2341 3781 2495 3844 oriri
2520 3778 2762 3864 debuit,
2785 3784 3105 3864 quatenus

481 3867 697 3951 aliquo
766 3867 1184 3932 Extensionis
1254 3867 1464 3952 modo,
1531 3872 1593 3932 et
1661 3887 1792 3931 non
1864 3871 2187 3952 quatenus
2257 3869 2472 3953 aliquo
2535 3867 2870 3954 Cogitandi
2914 3868 3105 3933 modo

483 3955 745 4022 affectus
790 3956 1230 4021 consideratur
1274 3960 1421 4041 (per
1465 3955 1647 4021 eand.
1693 3955 1888 4041 Prop.
1937 3957 1996 4020 6.
2040 3976 2102 4041 Ρ.
2151 3956 2252 4039 2.),
2295 3957 2417 4022 hoc
2463 3961 2576 4040 est,
2621 3977 2659 4021 a
2704 3957 2936 4039 Mente,
2960 3976 3105 4042 quae

481 4048 633 4130 (per
676 4043 874 4130 Prop.
921 4045 1025 4109 11.
1068 4065 1131 4130 p.
1179 4045 1261 4128 2.)
1308 4045 1540 4111 modus
1586 4046 1910 4130 cogitandi
1955 4051 2071 4130 est,
2116 4047 2270 4110 oriri
2308 4066 2439 4111 non
2477 4050 2717 4131 potest3
2760 4045 2947 4123 Quod
2971 4052 3107 4112 erat

483 4135 854 4200 secundum.
901 4134 1073 4220 Ergo
1117 4154 1238 4200 nec
1286 4133 1533 4220 Corpus
1579 4133 1861 4200 Mentem
1906 4139 2023 4200 etc.
2075 4133 2144 4213 Q.
2191 4133 2270 4199 E.
2317 4134 2402 4199 D.

1474 4277 1947 4324 SOHOLIUE

566 4369 726 4436 Haec
792 4372 1030 4435 clarius
1094 4371 1546 4455 intelliguntur
1611 4390 1700 4437 ex
1767 4373 1869 4453 iis,
1917 4391 2062 4455 quae
2108 4374 2180 4458 in
2226 4371 2480 4438 Scholio
2527 4371 2999 4457 Propositionis
3048 4374 3105 4436 7.

480 4458 692 4525 Partis
738 4461 798 4523 2.
841 4461 1011 4525 dicta
1054 4464 1227 4541 sunt,
1278 4460 1452 4544 quod
1499 4460 1744 4525 scilicet
1789 4460 1976 4526 Mens
2022 4466 2085 4526 et
2130 4460 2378 4546 Corpus
2432 4481 2561 4526 una
2605 4463 2959 4547 eademque
3002 4481 3107 4528 res

484 4549 585 4632 sit,
653 4568 800 4633 quae
840 4550 972 4633 Jam
1018 4548 1140 4615 sub
1190 4548 1626 4633 Cogitationis,
1667 4551 1799 4633 jam
1848 4548 1970 4614 sub
2017 4549 2436 4616 Extensionis
2480 4550 2786 4616 attributo
2831 4553 3108 4636 concipi-

486 4643 610 4703 tur.
678 4636 872 4703 Unde
933 4638 1025 4721 fit,
1095 4642 1169 4702 ut
1230 4638 1384 4702 ordo
1431 4640 1568 4704 sive
1612 4657 1828 4703 rerum
1876 4642 2310 4705 concatenatio
2357 4660 2488 4705 una
2532 4641 2633 4724 sit,
2678 4642 2816 4706 sive
2859 4639 3109 4705 Natura

485 4726 609 4792 sub
677 4726 799 4792 hoc
867 4728 1004 4808 sive
1071 4725 1194 4792 sub
1263 4727 1375 4791 illo
1443 4726 1748 4793 attributo
1812 4729 2241 4813 concipiatur;
2306 4734 2773 4813 consequenter
2833 4734 2907 4795 ut
2951 4730 3107 4795 ordo

486 4818 818 4881 actionum
886 4820 950 4881 et
1017 4817 1391 4900 passionum
1454 4815 1750 4901 Corporis
1796 4817 2002 4882 nostri
2049 4818 2245 4883 simul
2290 4819 2373 4883 sit
2416 4821 2648 4883 natura
2693 4839 2840 4884 cum
2887 4820 3111 4885 ordine

487 4907 814 4970 actionum
875 4909 939 4970 et
984 4906 1357 4990 passionum
1402 4903 1670 4988 Mentis3
1720 4904 1907 4982 Quod
1952 4907 2142 4972 etiam
2187 4912 2359 4991 patet
2405 4926 2488 4972 ex
2534 4908 2742 4993 modo,
2780 4928 2908 4991 quo
2951 4907 3108 4979 Pro-
