3609 5642
562 538 691 603 128
1590 553 1838 600 mmcns
1881 555 2035 600 uns
2078 555 2165 599 rv.

1520 739 2230 787 DEMONSTRATIQ

643 822 976 900 Quatenus
1036 823 1209 887 enim
1269 841 1373 887 res
1433 822 1652 907 aliqua
1696 842 1847 887 oum
1895 827 2110 888 nostra
2155 827 2384 887 natura
2429 824 2749 906 convenit,
2793 843 2925 888 non
2972 829 3187 909 potest

555 915 690 997 (per
737 912 928 996 Prop.
970 914 1181 995 proee.)
1229 929 1369 977 esse
1416 912 1598 975 mala.
1641 911 1784 977 Erit
1830 931 1980 997 ergo
2028 913 2390 977 necessario
2436 912 2540 978 vel
2584 911 2752 977 bona
2794 913 2893 977 vel
2935 914 3185 978 indiffe-

558 1021 726 1068 rens.
794 1001 863 1067 Si
908 1002 1030 1065 hoo
1076 1006 1369 1084 ponatur,
1415 1019 1645 1085 nempe
1689 1001 1866 1085 quod
1912 1020 2124 1085 neque
2170 1001 2334 1066 bona
2380 1002 2464 1065 sit
2509 1020 2721 1086 neque
2766 1002 2973 1082 mala3
3022 1004 3189 1067 nihil

556 1110 707 1175 ergo
777 1094 913 1176 (per
957 1088 1169 1172 Defin.
1217 1090 1276 1153 1.
1307 1088 1349 1172 ¹)
1394 1088 1611 1172 hujus)
1671 1108 1755 1155 ex
1817 1091 2023 1174 ipsius
2083 1095 2311 1155 natura
2359 1096 2684 1174 sequetur,
2731 1092 2901 1175 quod
2947 1097 3186 1157 nostrae

557 1185 806 1245 naturae
853 1180 1324 1245 conservationi
1369 1181 1655 1261 inservit,
1700 1180 1821 1243 hoo
1866 1185 1964 1244 est
2011 1182 2144 1263 (per
2182 1178 2573 1264 hypothesin)
2620 1180 2793 1264 qnod
2841 1182 3047 1265 ipsius
3092 1183 3189 1246 rei

557 1274 807 1334 naturae
853 1270 1323 1334 conservationi
1364 1269 1672 1349 inservit3
1720 1268 1835 1334 sed
1873 1268 1993 1333 hoo
2018 1273 2116 1333 est
2138 1268 2492 1333 absurdum
2516 1274 2654 1353 (per
2675 1267 2870 1353 Prop.
2893 1270 2953 1332 6.
2972 1289 3035 1354 p.
3060 1271 3189 1351 3.),·

556 1361 676 1423 erit
721 1377 892 1442 ergo,
938 1363 1257 1441 qnatenus
1294 1377 1440 1422 oum
1468 1362 1687 1423 nostra
1708 1362 1944 1422 natura
1966 1360 2287 1442 convenit,
2309 1360 2671 1424 necessario
2697 1357 2881 1423 bona.
2907 1357 2977 1437 Q.
3000 1358 3079 1424 Ε.
3103 1357 3188 1425 D.

1545 1489 2205 1536 GOROLLARIUM.

645 1570 820 1637 Hinc
864 1573 1177 1658 sequitur,
1223 1572 1417 1656 quod,
1463 1592 1592 1656 quo
1637 1592 1742 1638 res
1787 1573 2008 1657 aliqua
2053 1574 2257 1656 magis
2303 1592 2454 1637 oum
2506 1576 2726 1638 nostra
2761 1577 2995 1638 natura
3034 1592 3187 1637 oon-

557 1658 753 1744 venit,
812 1680 887 1727 eo
947 1661 1135 1728 nobis
1194 1668 1294 1727 θεῖ
1335 1662 1556 1726 utilior
1600 1680 1717 1727 seu
1763 1664 1968 1746 magis
2016 1661 2200 1744 bona,
2246 1667 2310 1726 et
2355 1666 2596 1744 eontra,
2643 1680 2773 1745 quo
2818 1680 2923 1728 res
2968 1663 3187 1746 aliqua

556 1750 742 1816 nobis
810 1757 908 1816 est
976 1752 1213 1833 utilior,
1280 1755 1547 1818 eatenus
1614 1770 1763 1815 oum
1833 1757 2052 1817 nostra
2111 1759 2346 1815 natura
2407 1753 2611 1835 magis
2656 1754 2973 1816 convenit.
3018 1750 3187 1815 Nam

555 1846 878 1924 quatenus
946 1860 1095 1905 oum
1166 1845 1385 1904 nostra
1450 1846 1682 1905 natura
1749 1858 1879 1903 non
1944 1842 2264 1922 convenit,
2314 1841 2437 1904 erit
2481 1841 2842 1905 necessario
2888 1861 2927 1903 a
2970 1846 3190 1906 nostra

554 1935 787 1995 natura
852 1930 1126 2011 diversa,
1194 1931 1295 1995 vel
1363 1929 1569 1995 eidem
1638 1931 1973 1994 contraria.
2038 1928 2108 1994 Si
2154 1929 2428 2012 diversa,
2473 1935 2614 1994 tum
2660 1933 2793 2014 (per
2836 1928 3036 2014 Prop.
3081 1929 3187 1993 29.

552 2017 771 2102 hujus)
840 2037 1053 2103 neque
1117 2019 1289 2083 bona
1347 2037 1559 2103 neque
1606 2018 1772 2083 mala
1819 2037 1960 2084 esse
2006 2020 2275 2103 poterit3
2324 2020 2383 2083 si
2427 2025 2640 2085 autem
2685 2020 3021 2103 contraria,
3068 2021 3189 2084 erit

556 2126 706 2193 ergo
775 2109 966 2173 etiam
1034 2110 1094 2174 ei
1162 2109 1499 2190 contraria,
1568 2127 1717 2193 quse
1785 2127 1936 2172 oum
1998 2113 2219 2173 nostra
2278 2112 2511 2173 natura
2556 2109 2877 2190 convenit,
2923 2110 3045 2172 hoo
3092 2113 3187 2173 est

555 2200 689 2281 (per
733 2195 929 2282 Prop.
972 2197 1261 2282 praeced.)
1306 2198 1626 2262 contraria
1670 2196 1861 2280 bono,
1906 2215 2023 2262 seu
2072 2198 2257 2261 mala.
2303 2195 2483 2260 Nihil
2528 2199 2744 2283 igitur,
2790 2198 2920 2262 nisi
2967 2202 3187 2281 qnate-

557 2306 683 2352 nus
743 2306 891 2351 oum
937 2291 1157 2352 nostra
1199 2292 1432 2352 natura
1476 2287 1797 2368 convenit,
1844 2291 2054 2371 potest
2099 2304 2241 2368 esse
2286 2285 2547 2370 bonum,
2593 2291 2789 2371 atque
2832 2287 3011 2368 aden,
3059 2306 3188 2370 quo

553 2395 658 2443 res
704 2377 921 2460 aliqua
965 2378 1169 2462 magis
1215 2396 1364 2441 oum
1411 2381 1631 2441 nostra
1674 2380 1906 2440 natura
1952 2377 2272 2457 convenit,
2317 2393 2392 2440 eo
2433 2381 2530 2441 θεῖ
2569 2377 2808 2459 utilior,
2846 2381 2909 2441 et
2949 2381 3186 2440 contra.

565 2464 635 2545 ρ’
681 2464 762 2531 E‘
809 2463 893 2530 D‘
1331 2551 2032 2619 PROPOSITIO
2122 2551 2412 2617 xxxn„

649 2666 967 2747 Quatenus
1007 2667 1286 2732 homines
1326 2666 1726 2752 passionibus
1770 2673 1918 2731 sunt
1962 2666 2226 2750 obnoccii,
2269 2685 2400 2731 non
2440 2671 2703 2751 possunt
2746 2671 3013 2732 eatenus
3049 2666 3189 2749 diei,

558 2757 725 2842 quod
767 2763 1004 2822 natura
1045 2757 1431 2822 conveniant.

1503 2888 2216 2935 ΒΕΜΟΝεΤΒΑΤῙα

645 2957 806 3035 Quae
873 2964 1105 3024 natura
1171 2961 1517 3025 convenire
1585 2960 1911 3038 dicuntur,
1980 2960 2265 3042 potentia
2332 2959 2674 3024 convenire
2732 2957 3188 3042 intelliguntur

554 3052 692 3131 (per
735 3047 931 3132 Prop.
979 3048 1037 3112 7.
1081 3068 1141 3128 p.
1189 3048 1303 3128 3.);
1375 3068 1506 3112 non
1572 3054 1786 3113 autem
1850 3050 2228 3132 impotentia
2290 3066 2407 3112 seu
2453 3049 2809 3131 negatione,
2855 3052 2919 3111 et
2965 3065 3187 3111 eonse-

558 3142 829 3220 quenter
898 3137 1058 3219 (vide
1105 3135 1301 3202 Schol.
1348 3136 1543 3222 Prop.
1592 3138 1650 3201 3.
1692 3156 1753 3220 p.
1802 3137 1862 3200 3.
1887 3134 1982 3220 2))
2049 3155 2260 3220 neque
2325 3138 2519 3201 etiam
2586 3138 2916 3219 passione3
2987 3155 3188 3220 quare

555 3227 866 3308 homineS,
935 3232 1255 3311 quatenus
1316 3226 1728 3311 passionibus
1787 3232 1945 3291 sunt
1990 3225 2276 3307 obnoxii,
2321 3244 2455 3289 non
2500 3231 2773 3309 possunt
2820 3226 2966 3308 dici,
3014 3225 3188 3309 quod

555 3321 786 3380 natura
831 3317 1234 3382 conveniant.
1285 3314 1355 3395 Q.
1402 3314 1483 3380 E.
1530 3314 1612 3379 D.

1626 3449 1659 3494 s
1684 3448 1718 3494 0
1740 3450 1785 3493 H
1809 3447 1846 3492 o
1869 3449 1908 3493 L
1929 3448 1953 3493 1
1973 3447 2017 3492 u
2038 3448 2101 3492 M.

642 3515 772 3583 Res
818 3520 1010 3584 etiam
1057 3537 1172 3603 per
1218 3537 1288 3584 se
1331 3523 1536 3603 patet3
1586 3520 1699 3602 qui
1746 3520 1920 3583 enim
1961 3519 2069 3600 ait,
2107 3516 2324 3581 album
2366 3521 2429 3582 et
2465 3518 2726 3601 nigrum
2750 3518 2820 3579 in
2845 3534 2920 3581 eo
2945 3516 3186 3581 solum-

555 3606 743 3671 modo
791 3609 1155 3688 oonvenire,
1202 3608 1376 3692 quod
1424 3611 1726 3673 neutrum
1775 3608 1858 3672 sit
1903 3604 2193 3686 rubrum,
2239 3608 2297 3671 is
2337 3605 2628 3672 absolute
2651 3604 2942 3687 affirmat,
2964 3604 3184 3669 album

556 3699 621 3760 et
687 3698 944 3780 nigrum
1015 3697 1198 3761 nulla
1264 3699 1332 3761 in
1401 3716 1471 3763 re
1530 3698 1892 3762 convenire.
1956 3694 2063 3760 Sio
2108 3697 2300 3761 etiam
2348 3697 2403 3760 si
2452 3698 2598 3779 quis
2645 3697 2752 3777 ait,
2798 3694 3077 3778 lapidem
3123 3698 3188 3757 et

555 3785 880 3849 hominem
927 3786 996 3849 in
1041 3785 1163 3850 hoo
1208 3790 1460 3850 tantum
1505 3787 1867 3867 convenire,
1915 3785 2087 3869 quod
2133 3790 2410 3868 uterque
2457 3785 2542 3849 sit
2585 3783 2827 3867 finitus,
2848 3785 3188 3868 impotens,

557 3874 660 3937 vel
722 3873 895 3957 quod
950 3892 1034 3939 ex
1080 3876 1459 3940 necessitate
1503 3894 1643 3940 snae
1689 3879 1940 3939 naturae
1987 3892 2116 3937 non
2165 3875 2403 3955 existit,
2448 3874 2552 3939 vel
2599 3873 2878 3957 denique
2925 3872 3101 3957 quod
3147 3893 3183 3935 a

556 3965 842 4046 potentia
886 3982 1227 4028 causarum
1275 3967 1687 4029 externarum
1736 3963 2068 4029 indefinite
2111 3967 2485 4047 superatur:
2526 3964 2583 4026 is
2608 3964 2870 4026 omnino
2895 3961 3188 4043 affirmat,

556 4051 829 4135 lapidem
892 4059 955 4117 et
1014 4054 1338 4117 hominem
1399 4053 1580 4117 nulla
1625 4055 1692 4116 in
1739 4072 1810 4117 re
1856 4053 2233 4132 convenire3
2283 4071 2431 4136 quae
2478 4052 2648 4117 enim
2695 4052 2762 4114 in
2811 4051 2949 4115 sola
2991 4069 3187 4134 nega-

554 4141 747 4224 tione,
792 4141 930 4206 sive
976 4143 1045 4205 in
1091 4161 1186 4226 eo,
1231 4142 1404 4225 quod
1449 4162 1579 4206 non
1629 4141 1883 4224 habent,
1929 4143 2345 4221 conveniunt,
2392 4160 2468 4207 ea
2511 4159 2734 4206 revera
2777 4141 2961 4204 nulla
3005 4141 3072 4203 in
3115 4158 3187 4203 re

555 4232 966 4294 conveniunt.

1317 4317 1451 4384 PR
1474 4318 1526 4384 Ο
1552 4319 1607 4384 Ρ
1631 4317 1684 4383 Ο
1710 4319 1753 4385 S
1778 4319 1883 4384 ΙΤ
1905 4319 1938 4382 I
1963 4317 2016 4383 Ο
2107 4316 2432 4383 XXXIII.

643 4428 950 4495 Homines
992 4436 1232 4496 natura
1274 4431 1628 4517 discrepare
1659 4436 1939 4515 possunt,
1978 4436 2291 4517 quatenus
2325 4429 2686 4515 affectibus,
2723 4431 2835 4516 qui
2859 4430 3187 4514 passiones

553 4518 1262 4674 mgtcgnnglietantum
1318 4525 1380 4587 et
1437 4526 1697 4586 eatenus
1740 4521 1924 4586 etiam
1973 4540 2142 4584 unus
2186 4521 2468 4606 idemque
2510 4519 2687 4584 homo
2729 4519 2950 4584 varius
2993 4525 3082 4582 est
3124 4523 3187 4583 et

620 4793 677 4860 1)
712 4795 806 4847 Ed.
841 4795 1050 4846 Prino.:
1080 4811 1182 4863 per
1215 4794 1432 4849 Axiam.
1466 4797 1518 4847 3.
1552 4794 1733 4862 hujus.
1771 4797 2124 4862 Corrigenda:
2159 4810 2261 4863 per
2277 4769 2515 4848 Aatioma
2533 4794 2715 4861 huJ’us.
2733 4794 2992 4859 Schmidt,
3011 4794 3185 4845 Auer-

555 4861 721 4913 bach:
800 4877 861 4915 er
894 4861 1115 4915 Axiam.
1147 4864 1197 4913 3.
1224 4877 1285 4979 K.
1320 4864 1369 4915 1.
1402 4862 1631 4914 Saisset:
1660 4878 1767 4931 per
1798 4862 1976 4929 Defin.
2009 4864 2060 4915 2.
2095 4868 2148 4915 et
2179 4864 2230 4913 3.
2256 4878 2317 4930 p.
2351 4863 2402 4914 4.

624 4927 681 4996 2)
761 4944 866 4981 ers.
902 4928 1047 4997 Belg.
1081 4958 1148 4968 —
1181 4930 1221 4980 E
1264 4967 1277 4982 .
1314 4928 1401 4981 Pr.
1421 4944 1436 4980 z
1459 4945 1523 4998 p.
1554 4930 1606 4982 2.
