3609 5642
1648 512 1730 557 nn
1772 511 1909 557 nno.
3033 494 3080 557 -9

455 682 581 765 cipi
646 684 721 746 ut
786 681 1105 761 existens;
1168 681 1349 765 atqui
1409 679 1531 744 hoc
1577 681 1597 760 (
1601 699 1723 764 per
1763 679 2038 760 primum
2068 683 2323 764 partem
2366 678 2560 767 hujus
2604 676 2939 761 Demonst.)
2984 685 3082 746 est

455 769 821 835 absurdum.
867 769 1040 855 Ergo
1087 775 1269 837 extra
1314 767 1524 835 Deum
1569 769 1752 834 nulla
1788 769 1929 833 dari
1962 787 2177 853 neque
2199 770 2451 855 concipi
2473 774 2681 855 potest
2704 768 3078 836 substantia.

458 858 512 939 Q
1383 966 2028 1012 GOROLLARIUM
2114 968 2155 1011 L

539 1048 713 1115 Hinc
757 1051 1113 1116 clarissime
1158 1052 1454 1134 sequitur
1498 1046 1597 1132 1⁰.,
1643 1046 1856 1114 Deum
1904 1067 2046 1114 esse
2090 1051 2378 1131 unicum,
2424 1050 2544 1115 hoc
2583 1053 2680 1115 est
2704 1052 2852 1135 (per
2871 1048 3080 1131 Defin.

454 1140 535 1221 6.)
579 1141 649 1204 in
695 1158 911 1206 rerum
958 1145 1189 1205 natura
1233 1158 1367 1204 non
1410 1140 1541 1204 nisi
1583 1158 1782 1204 unam
1830 1138 2253 1204 substantiam
2302 1139 2458 1222 dari,
2496 1158 2768 1224 eamque
2790 1139 3081 1205 absolute

449 1228 766 1294 infinitam
814 1248 973 1313 esse,
1021 1235 1095 1294 ut
1133 1230 1204 1293 in
1250 1226 1487 1295 Scholio
1530 1227 1721 1312 Prop.
1766 1227 1872 1292 10.
1911 1229 2045 1310 jam
2090 1229 2445 1293 innuimus,

1352 1339 2008 1407 conoLLAnrffn
2093 1361 2177 1405 IL

541 1443 849 1529 Sequitur
911 1442 1045 1526 11⁰„
1112 1464 1248 1510 rem
1316 1449 1649 1510 extensam
1712 1447 1776 1508 et
1835 1462 1971 1508 rem
2020 1443 2405 1527 cogitantem
2451 1445 2553 1510 vel
2597 1443 2720 1510 Dei
2766 1444 3075 1509 attributa

453 1552 614 1616 esse,
657 1535 761 1599 vel
804 1539 955 1615 (per
999 1533 1248 1599 Axiam.
1297 1534 1379 1614 1.)
1427 1534 1794 1599 affectiones
1842 1531 2295 1597 attributorum
2341 1530 2479 1598 Dei.

1299 1657 2001 1724 PROPOSI'HO
2092 1657 2239 1722 XV.

543 1772 850 1856 Quicquid
906 1778 1012 1853 est,
1055 1775 1126 1839 in
1172 1773 1308 1838 Deo
1350 1780 1460 1857 est,
1501 1776 1562 1837 et
1601 1772 1766 1837 nihil
1810 1773 1949 1836 sine
1991 1771 2125 1838 Deo
2169 1793 2297 1837 esse
2341 1793 2538 1859 neque
2582 1773 2824 1858 concipi
2855 1779 3077 1858 potest.

1408 1905 2128 1951 nnmonsrnxrro

538 1988 784 2054 Praeter
849 1987 1061 2054 Deum
1102 1987 1283 2052 nulla
1328 1987 1518 2052 datur
1563 2005 1777 2071 neque
1824 1989 2076 2073 concipi
2120 1993 2329 2074 potest
2372 1987 2732 2054 substantia
2777 1988 2931 2071 (per
2977 1986 3080 2050 14.

450 2077 692 2163 Prop.),
736 2078 858 2142 hoc
907 2083 1004 2143 est
1051 2077 1206 2163 (per
1247 2075 1454 2159 Defin.
1503 2076 1591 2162 3.)
1636 2096 1757 2157 res,
1806 2095 1954 2161 quae
2000 2080 2068 2141 in
2115 2097 2186 2143 se
2229 2083 2327 2144 est
2364 2081 2426 2143 et
2462 2096 2579 2162 per
2614 2098 2685 2143 se
2707 2077 3079 2162 concipitur.

449 2166 626 2231 Modi
686 2172 902 2232 autem
948 2166 1102 2252 (per
1145 2164 1350 2247 Defin.
1397 2165 1485 2250 5.)
1532 2168 1672 2231 sine
1715 2166 2079 2232 substantia
2123 2187 2244 2234 nec
2289 2186 2432 2232 esse
2473 2186 2595 2233 nec
2639 2167 2890 2250 concipi
2935 2184 3079 2250 pos-

449 2261 637 2336 sunt3
688 2276 888 2341 quare
929 2257 999 2320 hi
1043 2257 1111 2319 in
1160 2256 1295 2320 sola
1342 2255 1563 2320 divina
1605 2259 1840 2320 natura
1882 2274 2042 2338 esse,
2085 2262 2149 2322 et
2194 2276 2310 2342 per
2352 2259 2558 2341 ipsam
2600 2256 2798 2321 solam
2826 2256 3079 2339 concipi

449 2351 737 2429 possunt.
782 2346 988 2430 Atqui
1032 2348 1267 2430 praeter
1311 2344 1707 2410 substantias
1753 2349 1818 2410 et
1864 2345 2088 2411 modos
2127 2347 2220 2410 nil
2260 2346 2450 2410 datur
2488 2345 2640 2431 (per
2674 2344 2947 2410 Axioma
2969 2343 3077 2428 1.).

449 2434 624 2521 Ergo
670 2434 835 2499 nihil
882 2436 1024 2499 sine
1064 2433 1202 2500 Deo
1249 2453 1391 2500 esse
1426 2453 1640 2518 neque
1685 2436 1940 2519 concipi
1983 2439 2211 2520 potest.
2263 2434 2332 2515 Q.
2379 2433 2461 2499 E.
2507 2433 2591 2498 D.

1532 2567 2005 2614 soHOLIUM.

539 2649 724 2734 Sunt,
770 2652 885 2736 qui
926 2649 1138 2715 Deum
1184 2651 1390 2714 instar
1433 2649 1714 2714 hominis
1763 2668 2030 2734 corpore
2075 2654 2139 2715 et
2182 2653 2398 2715 mente
2443 2652 2863 2732 constantem,
2886 2653 3081 2733 atque

448 2739 857 2825 passionibus
904 2739 1257 2804 obnoxium
1302 2738 1590 2823 fingunt:
1643 2739 1774 2822 sed,
1821 2759 2012 2823 quam
2061 2739 2251 2824 longe
2296 2739 2364 2803 hi
2409 2758 2448 2803 a
2493 2757 2647 2804 vera
2693 2736 2813 2804 Dei
2862 2740 3080 2823 cogni-

448 2831 623 2895 tione
668 2829 980 2912 aberrent,
1026 2831 1181 2895 satis
1227 2847 1311 2894 ex
1347 2829 1480 2910 jam
1529 2829 1987 2895 demonstratis
2033 2832 2300 2894 constat.
2347 2827 2474 2893 Sed
2513 2829 2628 2893 hos
2668 2830 2885 2892 mitto:
2927 2847 3079 2892 nam

448 2938 690 3002 omneS,
756 2921 871 3004 qui
938 2923 1235 2984 naturam
1306 2904 1599 2997 divinum
1671 2918 1889 3002 aliquo
1950 2918 2143 2982 modo
2192 2918 2603 3002 contemplati
2650 2922 2821 2999 sunt,
2866 2914 3078 2982 Deum

447 3026 588 3073 esse
655 3027 1030 3093 corporeum
1097 3011 1351 3092 negant.
1401 3005 1586 3084 Quod
1633 3008 1825 3072 etiam
1872 3009 2110 3091 optime
2158 3007 2430 3092 probant
2474 3026 2558 3072 ex
2603 3025 2697 3088 eo,
2744 3006 2920 3091 quod
2966 3025 3082 3091 per

449 3116 683 3182 corpus
750 3097 1176 3183 intelligimus
1246 3115 1703 3181 quamcunque
1763 3098 2205 3181 quantitatem,
2264 3097 2542 3182 longam,
2587 3097 2779 3161 latam
2829 3100 2892 3161 et
2934 3115 3082 3180 pro-

448 3186 738 3270 fundam,
804 3191 975 3252 certa
1040 3187 1258 3270 aliqua
1299 3184 1507 3268 figura
1552 3187 1980 3268 terminatam,
2027 3205 2157 3270 quo
2203 3185 2366 3250 nihil
2410 3184 2755 3251 absurdius
2803 3184 2881 3250 de
2924 3183 3081 3268 Deo,

450 3281 596 3341 ente
656 3276 899 3343 scilicet
942 3274 1233 3341 absolute
1277 3274 1552 3358 infinito,
1596 3275 1725 3339 dici
1769 3278 1995 3358 potest.
2040 3276 2345 3340 Attamen
2394 3276 2651 3340 interim
2699 3274 2842 3339 aliis
2888 3276 3081 3339 ratio-

447 3366 664 3449 nibuS,
733 3364 969 3450 quibus
1035 3366 1156 3430 hoc
1219 3363 1391 3429 idem
1460 3365 1897 3431 demonstrare
1966 3369 2299 3447 conantur,
2368 3365 2539 3429 clare
2597 3363 2968 3446 ostendunt,
3013 3382 3082 3429 se

451 3454 876 3521 substantiam
942 3457 1147 3538 ipsam
1208 3472 1576 3538 corpoream
1624 3456 1762 3519 sive
1809 3457 2141 3519 extensam
2187 3473 2225 3517 a
2269 3458 2504 3519 natura
2548 3452 2768 3517 divina
2816 3453 3080 3518 omnino

447 3563 796 3628 removere,
841 3548 1036 3627 atque
1077 3545 1283 3628 ipsam
1331 3563 1369 3607 a
1411 3541 1549 3609 Deo
1595 3547 1876 3608 creatam
1923 3546 2232 3608 statuunt.
2278 3541 2384 3606 Ex
2434 3562 2563 3627 qua
2608 3547 2821 3607 autem
2861 3540 3081 3606 divina

447 3634 733 3718 potentia
799 3635 999 3698 creari
1071 3633 1368 3717 potuerit,
1436 3652 1698 3717 prorsus
1756 3634 2090 3715 ignorant:
2157 3633 2331 3716 quod
2377 3632 2546 3696 clare
2592 3629 2889 3709 ostendit,
2934 3632 3080 3696 illos

447 3722 533 3804 id,
602 3723 775 3806 quod
839 3724 1096 3807 ipsimet
1156 3722 1398 3802 dicunt,
1445 3741 1577 3786 non
1621 3722 1994 3806 intelligere.
2039 3720 2179 3806 Ego
2227 3721 2450 3787 saltem
2496 3722 2652 3786 satis
2700 3719 2890 3803 clare,
2939 3739 3079 3785 meo

451 3811 710 3895 quidem
750 3812 1014 3895 judicio,
1058 3811 1491 3876 demonstravi
1536 3811 1695 3892 (vide
1743 3809 1965 3877 Coroll.
2010 3809 2206 3895 Prop.
2255 3810 2314 3874 6.
2357 3814 2418 3874 et
2454 3807 2649 3877 schol.
2674 3810 2734 3872 2.
2758 3807 2952 3893 Prop.
2978 3810 3079 3891 8.),

447 3901 695 3966 nullam
748 3901 1174 3966 substantiam
1228 3899 1307 3964 ab
1353 3901 1479 3965 alio
1523 3918 1713 3984 posse
1758 3900 2025 3984 produci
2073 3900 2177 3965 vel
2222 3901 2442 3964 creari.
2488 3898 2689 3964 Porro
2735 3897 2928 3983 Prop.
2976 3898 3080 3963 14.

449 3991 871 4074 ostendimus,
936 3994 1171 4075 praeter
1236 3987 1449 4053 Deum
1512 3987 1760 4054 nullam
1806 3989 1944 4053 dari
1992 4008 2204 4074 neque
2248 3990 2499 4073 concipi
2543 4006 2733 4073 posse
2781 3986 3079 4053 substan-

447 4080 637 4161 tiam3
686 4084 881 4164 atque
922 4080 1078 4143 hinc
1123 4079 1559 4143 conclusimus
1607 4078 2032 4143 substantiam
2070 4083 2406 4144 extensam
2448 4097 2656 4143 unum
2698 4095 2781 4142 ex
2806 4076 3078 4141 infinitis

448 4166 570 4233 Dei
615 4169 937 4234 attributis
984 4186 1143 4234 esse.
1186 4167 1451 4250 Verum,
1498 4168 1576 4232 ad
1632 4168 1980 4252 pleniorem
2031 4168 2545 4254 explicationem,
2567 4167 3079 4233 adversariorum

384 4298 393 4308 -
449 4262 827 4342 argumenta
878 4257 1190 4340 refutabo,
1236 4277 1384 4341 quae
1448 4258 1665 4321 omnia
1700 4256 1829 4321 huc
1874 4258 2163 4322 redeunt.
2212 4254 2453 4340 Primo,
2501 4256 2675 4341 quod
2723 4255 3083 4320 substantia

449 4365 769 4431 corporea,
837 4352 1156 4431 quatenus
1224 4346 1600 4428 substantia,
1668 4352 1936 4429 constat,
2005 4351 2078 4411 ut
2145 4350 2392 4430 putant,
2452 4345 2781 4430 partibus3
2828 4350 2892 4410 et
2936 4345 3081 4410 ideo

450 4436 716 4501 eandem
762 4436 1081 4501 infinitam
1120 4455 1310 4521 posse
1356 4455 1516 4518 esse,
1561 4440 1624 4500 et
1670 4441 2139 4520 consequenter
2181 4436 2261 4500 ad
2298 4434 2510 4501 Deum
2534 4437 2852 4520 pertinere
2873 4452 3080 4519 posse,

447 4530 702 4609 negant.
768 4526 987 4610 Atque
1053 4526 1172 4589 hoc
1242 4525 1461 4589 multis
1529 4525 1843 4609 exemplis
1911 4525 2234 4610 explicant
2297 4543 2379 4589 ex
2427 4524 2667 4608 quibus
2716 4543 2922 4588 unum
2969 4529 3081 4588 aut

451 4614 724 4680 alterum
773 4615 1046 4680 afferam.
1093 4613 1161 4679 Si
1208 4614 1567 4679 substantia
1612 4633 1931 4698 corporea,
1976 4615 2175 4697 ajunt,
2220 4618 2318 4678 est
2362 4613 2635 4697 infinita,
2677 4614 3082 4697 concipiatur

448 4705 518 4767 in
581 4704 744 4770 duas
788 4708 1000 4788 partes
1047 4703 1281 4784 dividi3
1331 4705 1451 4769 erit
1495 4722 1909 4787 unaquaeque
1951 4723 2102 4787 pars
2151 4703 2253 4768 vel
2297 4702 2502 4785 finita,
2544 4703 2648 4768 vel
2690 4700 2962 4767 infinita.
3011 4701 3080 4767 Si

447 4792 629 4877 illud,
691 4794 1098 4878 componitur
1156 4811 1307 4877 ergo
1350 4792 1678 4858 infinitum
1724 4811 1806 4857 ex
1856 4792 2107 4858 duabus
2150 4792 2446 4877 partibus
2491 4791 2710 4873 finitis,
2761 4793 2934 4876 quod
2983 4797 3081 4858 est

445 4880 817 4948 absurdum.
862 4882 934 4948 Si
977 4883 1115 4966 hoc,
1161 4882 1350 4947 datur
1394 4902 1545 4967 ergo
1591 4881 1918 4947 infinitum
1967 4882 2161 4967 duplo
2199 4882 2407 4965 majus
2452 4883 2577 4947 alio
2601 4882 2876 4965 infinito,
2904 4883 3077 4965 quod
