3609 5642
610 530 692 593 96
793 525 798 530 ’
1640 543 1888 590 1³:¹1·me
1931 545 2087 591 mas
2129 545 2215 590 111.

603 714 887 799 corporis
954 732 1150 798 quam
1217 711 1415 776 animi
1483 712 1653 776 vires
1716 715 2038 778 ostentare
2095 712 2344 796 gestiat,
2400 717 2465 778 et
2522 716 2596 777 ut
2640 712 2931 780 homines
2974 714 3096 779 hac
3139 715 3221 780 de

606 823 800 869 causa
866 802 990 867 sibi
1036 802 1314 866 invicem
1361 801 1611 865 molesti
1657 802 1804 866 sint.
1851 800 1955 865 Ex
2002 801 2241 886 quibus
2287 802 2519 866 iterum
2567 804 2881 886 sequitur,
2927 804 3225 869 homines

605 899 834 958 natura
892 910 1033 957 esse
1089 891 1343 955 invidos
1404 889 1546 967 (vid.
1606 886 1800 955 Schol.
1861 888 2055 975 Prop.
2104 890 2209 955 24.
2252 894 2312 954 et
2354 888 2549 955 δάιοι.
2595 889 2786 972 Prop.
2833 892 2938 957 32.
2983 892 3224 975 hujus),

607 985 745 1047 sive
810 980 891 1046 ob
959 999 1226 1046 suorum
1288 979 1642 1063 aequalium
1701 979 2149 1044 imbecillatem
2212 980 2514 1064 gaudere,
2574 984 2637 1045 et
2695 986 2918 1046 contra
2960 988 3223 1067 propter

605 1071 954 1136 eorundem
999 1072 1299 1134 virtutem
1344 1069 1724 1133 contristari.
1768 1066 1936 1132 Nam
1984 1071 2234 1153 quoties
2273 1071 2728 1154 unusquisque
2765 1090 2917 1135 suas
2940 1073 3226 1136 actiones

604 1161 1011 1245 imaginatur,
1055 1161 1241 1223 toties
1286 1156 1538 1221 Laetitia
1583 1159 1732 1237 (per
1777 1154 1972 1237 Prop.
2021 1158 2125 1222 53.
2172 1157 2385 1242 hujus)
2431 1157 2727 1241 afficitur,
2766 1166 2829 1225 et
2866 1179 2942 1226 eo
2967 1161 3228 1244 majore,

609 1269 738 1334 quo
784 1250 1066 1314 actiones
1111 1248 1260 1332 plus
1302 1247 1709 1331 perfectionis
1754 1248 2130 1331 exprimere,
2175 1252 2238 1312 et
2282 1247 2536 1312 easdem
2585 1247 2954 1314 distinctius
2997 1252 3229 1333 imagi-

607 1345 826 1420 natur3
899 1337 1020 1402 boc
1063 1343 1159 1401 est
1204 1339 1352 1420 (per
1393 1335 1526 1413 illa,
1567 1354 1709 1420 quoe
1750 1335 1824 1400 in
1869 1333 2064 1401 Schol.
2112 1336 2171 1399 1.
2219 1333 2415 1421 Prop.
2461 1336 2566 1400 40.
2610 1355 2672 1420 ρ.
2718 1337 2779 1401 2.
2825 1337 2993 1403 dicta
3033 1341 3231 1418 sunt),

608 1447 738 1512 quo
784 1428 985 1511 magis
1030 1426 1284 1491 easdem
1330 1425 1411 1489 ab
1458 1425 1602 1490 aliis
1650 1425 2046 1509 distinguere
2081 1432 2144 1490 et
2184 1431 2257 1489 ut
2295 1444 2398 1491 res
2423 1426 2787 1511 singulares
2808 1429 3230 1512 contemplari

607 1522 832 1601 potest.
902 1514 1114 1593 Quare
1174 1516 1631 1599 unusquisque
1676 1531 1760 1578 ex
1806 1515 2346 1598 contemplatione
2391 1518 2494 1579 sui
2540 1521 2698 1580 tunc
2744 1518 3025 1583 maxime
3066 1538 3228 1602 gau·-

608 1605 800 1688 debit,
846 1604 1105 1690 quando
1150 1604 1397 1688 aliquid
1441 1605 1511 1667 in
1557 1622 1627 1668 se
1670 1603 2159 1687 contemplatur,
2205 1603 2378 1687 quod
2425 1604 2506 1669 de
2548 1604 2818 1689 reliquis
2865 1612 3076 1690 negat.
3100 1605 3229 1671 Sed

604 1698 659 1760 si
703 1695 790 1775 id,
835 1694 1009 1779 quod
1052 1693 1132 1758 de
1175 1711 1246 1758 se
1291 1690 1581 1774 affirmat,
1626 1691 1707 1755 ad
1754 1694 2184 1757 universalem
2232 1694 2509 1757 bominis
2549 1693 2652 1758 vel
2690 1695 2987 1760 animalis
3014 1695 3228 1760 ideam

603 1784 814 1867 refert,
881 1803 1012 1848 non
1079 1788 1404 1866 tantopere
1469 1781 1808 1865 gaudebit3
1871 1787 1934 1846 et
1993 1788 2213 1846 contra
2273 1782 2773 1865 contristabitur,
2818 1785 2876 1848 si
2922 1804 3097 1867 suaS,
3142 1784 3228 1849 ad

603 1875 880 1956 aliorum
966 1872 1248 1937 actiones
1320 1876 1739 1954 comparatas,
1803 1870 2253 1936 imbecilliores
2321 1889 2464 1937 esse
2531 1874 2953 1956 imaginetur3
3027 1893 3227 1958 quam

604 1963 863 2047 quidem
930 1962 1273 2026 Tristitiam
1343 1963 1489 2039 (per
1549 1956 1745 2043 Prop.
1805 1959 1912 2023 28.
1957 1958 2174 2042 hujus)
2242 1979 2538 2025 amovere
2604 1961 2959 2044 conabitur,
3026 1963 3230 2047 idque

605 2071 871 2117 suorum
919 2050 1265 2136 aequalium
1312 2050 1595 2113 actiones
1642 2067 1972 2133 perperam
2017 2049 2510 2134 interpretando,
2557 2049 2659 2114 vel
2706 2069 2859 2115 suas
2907 2058 3224 2136 quantum

604 2147 814 2226 potest
877 2139 1263 2205 adornando.
1330 2139 1615 2222 Apparet
1683 2139 1903 2222 igitur,
1971 2138 2262 2203 homines
2323 2145 2553 2203 natura
2598 2140 2913 2222 proclives
2957 2159 3100 2206 esse
3142 2140 3228 2205 ad

605 2228 842 2295 Odium
890 2234 954 2294 et
997 2228 1335 2308 Invidiam,
1380 2227 1464 2292 ad
1508 2246 1701 2310 quam
1748 2227 1994 2292 accedit
2038 2229 2176 2311 ipsa
2214 2227 2525 2292 educatio.
2563 2225 2730 2292 Nam
2767 2234 3063 2313 parentes
3087 2230 3228 2295 solo

607 2320 867 2384 honoris
934 2324 997 2384 et
1062 2317 1334 2382 Invidiae
1399 2316 1662 2381 stimulo
1705 2315 1943 2380 liberos
1987 2316 2068 2381 ad
2113 2318 2420 2382 virtutem
2465 2319 2782 2383 concitare
2828 2319 3054 2384 solent.
3099 2318 3230 2384 Sed

606 2408 950 2492 scrupulus
993 2407 1210 2473 forsan
1254 2410 1561 2488 remanet,
1599 2406 1772 2489 quod
1813 2424 1942 2469 non
1981 2425 2124 2470 raro
2163 2406 2497 2471 hominum
2523 2407 2794 2472 virtutes
2816 2408 3229 2490 admiremur,

604 2517 844 2583 eosque
880 2515 1275 2563 veneremur.
1312 2494 1511 2560 Hunc
1548 2513 1700 2579 ergo
1738 2498 1813 2559 ut
1850 2513 2200 2578 amoveam,
2222 2514 2504 2580 sequens
2527 2496 2756 2561 addam
2785 2496 3226 2562 Corollarium.

1567 2637 2230 2685 oosonnamuu.

690 2722 895 2789 Nemo
942 2725 1242 2788 virtutem
1288 2721 1501 2803 alicui,
1548 2722 1674 2785 nisi
1720 2721 1976 2804 aequali,
2020 2722 2282 2787 invidet.

1559 2864 2274 2913 nnuonsraar1o

690 2949 945 3014 Invidia
1010 2953 1106 3014 est
1172 2951 1387 3033 ipsum
1457 2945 1692 3012 Odium
1760 2948 1904 3029 (vid.
1968 2946 2162 3013 Schol.
2210 2947 2400 3029 Prop.
2447 2948 2551 3013 24.
2597 2948 2835 3033 hujus),
2893 2951 3032 3015 sive
3078 2952 3230 3034 (per

604 3036 799 3104 Schol.
848 3038 1034 3123 Prop.
1083 3038 1186 3102 13.
1230 3037 1443 3121 hujus)
1500 3036 1798 3117 Tristitia,
1860 3038 1978 3102 hoc
2039 3043 2135 3103 est
2194 3041 2339 3123 (per
2384 3036 2579 3104 Schol.
2623 3036 2817 3123 Prop.
2863 3039 2966 3103 11.
3012 3037 3229 3121 hujus)

604 3127 866 3209 affectiO,
928 3148 1056 3213 qua
1100 3129 1379 3193 hominis
1425 3126 1656 3211 agendi
1700 3129 1987 3210 potentia
2030 3146 2146 3192 seu
2193 3134 2463 3193 conatus
2506 3132 2850 3194 coercetur.
2896 3129 2988 3192 At
3032 3128 3226 3193 homo

605 3220 753 3301 (per
797 3215 993 3282 Schol.
1037 3214 1234 3301 Prop.
1284 3217 1341 3281 9.
1386 3214 1603 3299 hujus)
1647 3215 1804 3280 nihil
1855 3234 2042 3301 agere
2088 3221 2358 3282 conatur
2394 3236 2608 3302 neque
2647 3219 2843 3301 cupit,
2878 3218 3007 3282 nisi
3045 3217 3227 3300 quod

604 3325 688 3371 ex
758 3306 902 3371 data
969 3326 1088 3372 sua
1155 3311 1389 3371 natura
1455 3306 1641 3390 sequi
1711 3310 1954 3389 potest3
2017 3324 2169 3390 ergo
2223 3306 2413 3371 homo
2459 3306 2704 3371 nullam
2754 3306 2834 3371 de
2878 3325 2949 3371 se
2992 3307 3228 3391 agendi

603 3397 950 3480 potentiam
996 3414 1113 3461 seu
1158 3395 1355 3480 (quod
1399 3394 1570 3459 idem
1619 3398 1736 3474 est)
1783 3396 2085 3460 virtutem
2131 3396 2467 3479 praedicari
2510 3397 2749 3479 cupiet,
2785 3414 2934 3480 quae
2973 3400 3228 3460 naturae

604 3485 866 3550 alterius
933 3491 1029 3550 est
1099 3486 1371 3569 propria,
1432 3488 1496 3548 et
1553 3501 1694 3549 suae
1738 3484 1978 3565 aliena3
2027 3484 2316 3569 adeoque
2360 3486 2501 3568 ejus
2547 3484 2878 3569 Cupiditas
2925 3487 3231 3567 coerceri,

604 3575 723 3639 hoo
791 3580 887 3640 est
954 3576 1103 3659 (per
1148 3572 1346 3639 Schoz.
1390 3570 1583 3653 Prop.
1632 3573 1734 3636 11.
1778 3570 1994 3658 hujus)
2061 3574 2199 3657 ipse
2257 3575 2639 3656 contristari,
2698 3575 2926 3659 nequit
2985 3592 3068 3639 ex
3129 3592 3230 3657 ec,

603 3664 775 3748 quod
822 3665 1104 3748 aliquam
1151 3665 1452 3728 virtutem
1495 3663 1565 3726 in
1611 3662 1828 3747 aliquo
1872 3663 1997 3746 ipsi
2042 3662 2340 3728 dissimili
2387 3663 2872 3747 contemplatur,
2913 3667 2977 3728 et
2998 3681 3226 3728 conse-

606 3758 878 3838 quenter
944 3770 1154 3837 neque
1223 3754 1282 3816 ei
1347 3751 1637 3816 invidere
1703 3753 1953 3835 poterit.
2000 3751 2090 3816 At
2137 3752 2395 3837 quidem
2445 3771 2564 3818 suo
2613 3753 2870 3837 aequali,
2914 3754 3028 3836 qui
3073 3772 3228 3817 cum
3300 3762 3313 3781 ·

604 3844 744 3934 ipso
793 3841 1078 3926 ejusdem
1125 3846 1376 3906 naturae
1424 3841 1827 3925 supponitur.
1877 3838 1946 3919 Q.
1990 3839 2068 3905 Ε.
2115 3840 2198 3906 D.

1687 3985 2162 4032 sonoLIUM.

696 4067 859 4134 Cum
925 4070 1122 4154 igitur
1166 4087 1362 4152 supra
1406 4070 1476 4132 in
1523 4067 1778 4132 Scholio
1825 4067 2291 4152 Propositionis
2341 4070 2443 4138 52.
2490 4070 2683 4152 huJ'us
2729 4068 2940 4135 Partis
2989 4068 3230 4133 dixeri-

606 4178 770 4242 muS,
830 4177 948 4224 nos
995 4159 1315 4222 hominem
1364 4158 1655 4222 venerari
1700 4175 1784 4222 ex
1831 4176 1925 4241 eo,
1971 4158 2142 4242 quod
2187 4159 2397 4241 ipsius
2441 4159 2863 4243 prudentiam,
2905 4156 3231 4223 fortitudi-

603 4267 771 4328 nem,
832 4252 948 4312 eto.
994 4247 1407 4328 admiramur,
1451 4246 1519 4310 id
1562 4245 1634 4310 fit
1679 4248 1772 4329 (ut
1815 4266 1890 4310 ex
1932 4246 2074 4331 ipsa
2120 4244 2318 4331 Prop.
2361 4253 2550 4331 patet)
2599 4249 2753 4331 quia
2795 4248 2911 4312 has
2952 4248 3230 4312 virtutes

605 4339 664 4403 ei
712 4337 1120 4421 singulariter
1154 4338 1397 4423 inesse,
1440 4341 1503 4400 et
1550 4354 1681 4399 non
1726 4341 1801 4400 ut
1827 4341 2064 4400 nostrae
2088 4342 2336 4401 naturae
2360 4355 2735 4402 communes
2757 4337 3226 4421 imaginamur3

604 4426 893 4510 adeoque
959 4426 1214 4491 easdem
1274 4426 1400 4509 ipsi
1459 4443 1592 4488 non
1640 4426 1843 4509 magis
1887 4425 2340 4509 invidebimus,
2387 4446 2582 4511 quam
2627 4425 2966 4491 arboribus
3010 4426 3232 4490 altitu-

606 4516 839 4596 dinem,
880 4519 946 4580 et
986 4514 1284 4580 leonibus
1328 4513 1788 4597 fortitudinem,
1831 4518 1946 4580 etc.

1435 4673 2136 4742 PROPOSITIO
2227 4675 2393 4740 LVI.

693 4802 981 4886 Laetitiae,
1039 4801 1370 4885 Tristitiae,
1428 4807 1488 4867 et
1549 4800 1951 4887 Cupiditatis,
1994 4807 2054 4867 et
2094 4806 2534 4887 consequenter
2574 4801 3074 4892 uniuscujusque
3117 4800 3230 4884 af-

603 4892 825 4978 fectus,
881 4893 995 4979 qui
1052 4912 1128 4958 ex
1186 4891 1285 4957 his
1349 4890 1752 4976 componitur,
1810 4896 1884 4955 ut
1941 4891 2144 4957 animi
2181 4890 2670 4975 fluctuationis,
2711 4891 2808 4956 vel
2849 4891 2961 4977 qui
3006 4890 3084 4955 ab
3126 4888 3236 4954 his
