3609 5642
1595 519 1677 564 mr
1721 519 1941 565 mm.
2993 504 3076 566 41

460 687 924 768 consequenter
970 689 1184 750 motus
1230 704 1383 750 suos
1430 685 1622 750 citius
1661 686 1763 751 vel
1802 686 2048 750 tardius
2086 686 2353 769 reliquis
2377 690 2867 753 communicare.
2896 684 3083 764 Quod

460 774 516 836 si
559 777 867 856 praeterea
913 775 1170 839 tertium
1217 773 1709 840 Individuorum
1758 794 1986 859 genus,
2031 794 2116 840 ex
2159 775 2261 839 his
2300 775 2602 840 secundis
2638 779 3083 862 compositum,

461 863 916 946 concipiamus,
981 862 1153 927 idem
1223 864 1443 928 multis
1491 865 1634 929 aliis
1681 864 1891 928 modis
1937 863 2107 928 affici
2151 883 2340 948 posse
2382 865 2792 950 reperiemus,
2837 866 3083 951 absque

461 950 593 1015 ulla
660 952 802 1035 ejus
867 950 1090 1015 formae
1162 954 1532 1017 mutatione.
1595 951 1678 1016 Et
1739 955 1795 1019 si
1860 954 1954 1018 sic
2001 971 2189 1037 porro
2234 954 2303 1016 in
2348 952 2676 1019 infinitum
2722 974 3084 1040 pergamus,

459 1039 644 1104 facile
689 1041 1145 1125 concipiemus,
1188 1046 1386 1106 totam
1431 1041 1744 1107 Naturam
1793 1062 1998 1106 unum
2046 1060 2187 1106 esse
2231 1040 2670 1126 Individuum,
2716 1046 2903 1128 cujus
2941 1066 3085 1130 par-

461 1133 577 1210 tes,
636 1129 757 1193 hoc
800 1135 897 1194 est
942 1131 1159 1194 omnia
1203 1149 1487 1215 corpora,
1510 1160 1513 1165 >
1533 1129 1806 1196 infinitis
1852 1131 2059 1196 modis
2108 1132 2373 1207 variant,
2419 1130 2665 1216 absque
2711 1134 2843 1198 ulla
2886 1137 3085 1199 totius

461 1217 788 1283 Individui
857 1221 1226 1284 mutatione.
1294 1222 1514 1303 Atque
1581 1221 1755 1303 haec,
1826 1221 1880 1284 si
1949 1221 2206 1285 animus
2264 1219 2495 1285 fuisset
2556 1221 2634 1286 de
2694 1241 2958 1307 corpore
3002 1242 3087 1288 ex

459 1306 743 1391 professo
791 1326 996 1392 agere,
1040 1308 1358 1393 prolixius
1406 1309 1728 1393 explicare
1772 1315 1836 1374 et
1882 1308 2316 1374 demonstrare
2363 1308 2746 1376 debuissem.
2794 1311 2919 1377 Sed
2950 1313 3084 1395 jam

462 1396 598 1460 dixi
666 1415 770 1461 me
837 1398 1016 1461 aliud
1084 1399 1268 1480 velle,
1336 1417 1457 1463 nec
1523 1399 1647 1463 alia
1707 1399 1787 1463 de
1833 1417 2032 1463 causa
2075 1398 2216 1462 haec
2261 1398 2526 1481 adferre,
2571 1420 2766 1484 quam
2815 1405 2966 1486 quia
3004 1419 3087 1467 ex

461 1486 620 1571 ipsis
666 1505 759 1570 ea,
805 1505 952 1570 quae
1000 1488 1438 1552 demonstrare
1484 1488 1812 1570 constitui,
1857 1486 2045 1553 facile
2089 1507 2354 1572 possum
2402 1488 2733 1555 deducere.

1426 1623 2120 1690 POSTULATA.

549 1735 600 1800 I.
649 1734 896 1822 Corpus
942 1739 1300 1803 humanum
1348 1740 1758 1823 componitur
1804 1758 1888 1804 ex
1935 1739 2231 1823 plurimis
2276 1739 2572 1821 (diversae
2612 1741 2885 1819 naturae)
2923 1739 3088 1803 indi-

461 1826 692 1908 viduis,
738 1847 1016 1911 quorum
1066 1828 1578 1912 unumquodque
1623 1828 1811 1893 valde
1855 1830 2279 1913 compositum
2327 1834 2441 1894 est.

546 1913 628 1978 II.
696 1914 1212 1999 Individuorum,
1280 1935 1365 1981 ex
1433 1917 1673 2001 quibus
1744 1915 1989 2002 Corpus
2034 1918 2389 1982 humanum
2445 1919 2868 2001 componitur,
2911 1937 3087 2002 quae-

462 2004 608 2068 dam
653 2004 875 2087 fluida,
921 2006 1218 2090 quaedam
1268 2006 1504 2088 mollia,
1549 2012 1613 2071 et
1658 2007 1955 2091 quaedam
2006 2007 2286 2090 denique
2334 2007 2496 2071 dura
2539 2012 2710 2071 sunt.

548 2092 667 2156 ΠΙ.
711 2093 1059 2160 Individua
1105 2095 1353 2178 Corpus
1399 2097 1754 2161 humanum
1794 2097 2261 2179 componentia,
2299 2101 2361 2161 et
2384 2102 2852 2179 consequenter
2874 2097 3088 2180 ipsum

462 2182 818 2247 humanum
865 2181 1111 2269 Corpus
1159 2205 1197 2249 a
1242 2184 1618 2269 corporibus
1665 2186 1951 2250 externis
1996 2184 2294 2268 plurimis
2340 2184 2546 2249 modis
2594 2183 2885 2249 afficitur.

550 2270 663 2335 1V.
727 2271 973 2356 Corpus
1020 2274 1375 2338 humanum
1423 2274 1687 2358 indiget,
1732 2279 1804 2338 ut
1851 2280 2289 2357 conservetur,
2334 2275 2630 2359 plurimis
2678 2274 2821 2338 aliis
2868 2292 3090 2358 corpo·

463 2359 663 2443 ribus,
710 2381 748 2425 a
795 2361 1035 2446 quibus
1080 2362 1387 2428 continuo
1435 2366 1623 2447 quasi
1664 2368 2094 2447 regeneratur.

551 2448 631 2513 V.
701 2448 865 2515 Cum
914 2449 1208 2535 Corporis
1253 2452 1523 2516 humani
1566 2471 1714 2537 pars
1758 2452 1959 2517 fluida
2004 2472 2043 2516 a
2088 2470 2350 2536 corpore
2394 2455 2663 2515 externo
2713 2451 3090 2517 determina-

465 2545 592 2621 tur,
638 2543 714 2603 ut
764 2541 834 2602 in
881 2541 1071 2605 aliam
1117 2540 1373 2606 mollem
1421 2560 1594 2625 saepe
1638 2543 1971 2626 impingat,
2015 2543 2157 2623 eJus
2200 2541 2468 2624 planum
2518 2544 2741 2623 mutat,
2784 2546 2848 2606 et
2891 2541 3092 2605 veluti

463 2627 760 2711 quaedam
808 2631 1090 2713 corporis
1135 2632 1387 2695 externi
1435 2631 1824 2714 impellentis
1870 2632 2141 2714 vestigia
2188 2630 2394 2695 eidem
2440 2631 2766 2713 imprimit.

550 2715 664 2781 VI.
712 2716 960 2803 Corpus
1005 2719 1361 2784 humanum
1409 2725 1618 2804 potest
1656 2739 1923 2804 corpora
1963 2725 2230 2785 externa
2266 2720 2562 2804 plurimis
2588 2719 2796 2783 modis
2820 2737 3095 2801 movere,

462 2805 890 2891 plurimisque
934 2808 1142 2873 modis
1189 2809 1545 2894 disponere.
2690 2805 2693 2808 ⁴

1303 2943 2003 3011 PROPOSITIO
2095 2944 2276 3010 XIV.

558 3057 751 3122 Mens
816 3057 1096 3125 humana
1153 3066 1304 3145 apta
1362 3066 1452 3125 est
1512 3059 1602 3124 ad
1640 3058 1923 3144 plurima
1966 3058 2448 3144 percipiendum,
2493 3064 2551 3124 at
2594 3078 2662 3124 eo
2703 3059 2933 3143 aptior,
2976 3076 3099 3140 quo

468 3149 607 3232 qius
657 3147 901 3232 Corpus
939 3147 1233 3232 pluribus
1279 3150 1476 3215 modis
1513 3148 1764 3234 disponi
1803 3154 2018 3233 potest.

1430 3268 2148 3315 DEMONSTRATIQ

561 3337 806 3423 Corpus
875 3341 1046 3405 enim
1106 3340 1462 3404 humanum
1518 3343 1665 3423 (per
1722 3337 1892 3403 Post.
1941 3338 2001 3401 3.
2047 3342 2106 3402 et
2151 3338 2231 3417 6.)
2278 3338 2575 3422 plurimis
2622 3338 2828 3402 modis
2874 3357 2911 3401 a
2959 3356 3101 3401 cor-

469 3428 735 3511 poribus
804 3432 1090 3494 externis
1157 3429 1455 3512 afficitur,
1515 3428 2009 3513 disponiturque
2054 3427 2135 3492 ad
2180 3446 2448 3511 corpora
2493 3433 2760 3492 externa
2805 3426 3101 3511 plurimis

471 3518 678 3583 modis
746 3517 1176 3584 afficiendum.
1242 3520 1333 3583 At
1403 3519 1636 3601 omnia,
1697 3536 1849 3601 quae
1909 3519 1978 3580 in
2040 3514 2319 3601 Corpore
2365 3517 2649 3581 humano
2695 3518 3098 3600 contingunt,

474 3609 621 3691 (per
666 3605 862 3692 Prop.
910 3608 1011 3672 12.
1056 3606 1271 3692 hujus)
1335 3606 1520 3693 Mens
1575 3608 1861 3671 humana
1918 3608 2245 3691 percipere
2306 3606 2526 3688 debet3
2573 3611 2671 3671 est
2717 3623 2867 3690 ergo
2913 3603 3098 3670 Mens

473 3696 752 3762 humana
794 3701 940 3781 apta
984 3697 1068 3762 ad
1112 3698 1390 3782 plurima
1434 3696 1937 3782 percipiendum,
1983 3701 2046 3761 et
2091 3714 2166 3760 eo
2212 3696 2435 3779 aptior,
2478 3700 2595 3761 etc.
2646 3693 2716 3775 Q.
2766 3695 2848 3760 Ε.
2892 3693 2976 3759 D.

1318 3818 2022 3886 PROPOSITIO
2113 3819 2261 3884 XV.

562 3922 735 4007 Idea,
803 3942 944 4010 quoe
1007 3943 1136 3988 esse
1203 3922 1471 4007 formale
1527 3921 1819 3987 humanae
1865 3922 2094 3987 Mentis
2138 3921 2474 4005 constituit,
2518 3939 2645 3986 non
2689 3926 2778 3984 est
2822 3917 3102 4004 simplem,

475 4013 584 4077 sed
626 4033 702 4077 ax
744 4011 1040 4097 plurimis
1082 4012 1242 4078 ideis
1283 4012 1629 4097 omposita.

1427 4131 2150 4178 DEMONSTRATIQ

566 4201 737 4283 Idea,
781 4222 930 4287 quae
977 4221 1118 4268 esse
1159 4203 1426 4268 formale
1471 4204 1773 4267 humanae
1822 4202 2059 4267 Mentis
2107 4202 2460 4278 constituit,
2504 4204 2600 4265 est
2639 4200 2782 4264 idea
2807 4198 3103 4283 Corporis

477 4294 627 4376 (per
668 4290 865 4376 Prop.
915 4291 1015 4355 13.
1063 4290 1296 4376 hujus),
1336 4292 1507 4375 quod
1547 4294 1695 4376 (per
1733 4291 1904 4357 Post.
1952 4291 2034 4371 1.)
2073 4309 2162 4354 ex
2199 4291 2495 4374 plurimis
2522 4290 2709 4355 valde
2734 4291 3103 4373 compositis

476 4381 842 4447 Individuis
888 4383 1307 4465 componitur.
1354 4382 1445 4445 At
1489 4383 1942 4465 cujuscunque
1983 4380 2329 4462 Individui,
2369 4398 2601 4463 corpus
2642 4380 3104 4463 componentis,

481 4470 669 4535 datur
728 4472 1090 4536 necessario
1154 4474 1300 4555 (per
1349 4469 1566 4535 Coroll.
1613 4469 1804 4554 Prop.
1854 4470 1913 4533 8.
1959 4467 2171 4553 hujus)
2232 4470 2303 4532 in
2349 4466 2486 4534 Deo
2531 4469 2707 4549 idea3
2758 4487 2909 4552 ergo
2955 4472 3105 4552 (per

478 4558 669 4644 Prop.
716 4558 774 4623 7.
821 4559 1033 4643 hujus)
1078 4560 1222 4624 idea
1268 4558 1564 4644 Corporis
1609 4560 1876 4624 humani
1921 4577 2006 4622 ex
2050 4559 2345 4642 plurimis
2392 4560 2566 4624 hisce
2612 4559 2889 4641 partium
2932 4577 3094 4621 com-

479 4651 856 4733 ponentium
903 4649 1065 4713 ideis
1111 4654 1207 4713 est
1254 4650 1619 4733 composita.
1672 4646 1739 4728 Q.
1788 4647 1868 4712 E.
1916 4645 1998 4711 D.

1322 4771 2017 4838 PROPOSITIO
2109 4771 2289 4835 XVI.

570 4874 725 4940 Idea
781 4877 1203 4963 cujuscunque
1260 4876 1440 4951 modi,
1489 4894 1610 4962 quo
1659 4874 1907 4960 Corpus
1951 4873 2299 4938 humanum
2343 4893 2383 4937 a
2429 4872 2790 4957 corporibus
2832 4872 3106 4937 externis
