3609 5642
619 476 744 541 160
1647 493 1906 540 umens
1954 493 2112 540 uns
2155 496 2219 538 v.

611 660 918 727 animales
980 662 1051 724 in
1106 660 1364 726 eandem
1424 660 1801 746 impinqunt,
1843 666 1903 726 et
1967 661 2134 747 quod
2175 664 2482 762 praeterea
2523 664 2613 725 tot
2652 658 2838 724 varia
2876 658 3132 741 vestiqia
3175 658 3244 723 in

610 750 823 815 eadem
889 749 1355 835 imprimantur,
1415 754 1566 837 quot
1620 752 1805 815 varia
1851 751 2086 835 objecta
2125 757 2383 815 externa
2425 749 2591 834 ipsos
2633 749 2897 833 spiritus
2938 747 3244 813 animales

612 859 825 904 versus
867 838 1125 905 eandem
1168 838 1561 925 propellunt,·
1608 840 1773 905 unde
1818 839 1915 923 fit,
1961 846 2034 905 ut
2083 840 2141 904 si
2171 838 2359 923 ylans
2388 843 2602 919 postea
2639 837 2716 902 ab
2753 837 3006 902 Animae
3026 835 3243 902 volun-

612 934 755 1010 tate,
797 927 975 993 illam
1017 927 1421 994 diversimode
1464 934 1763 1011 movente,
1804 928 1914 994 hoc
1947 933 2061 994 aut
2095 927 2200 994 illo
2235 927 2413 994 modo
2449 926 2897 1010 suspendatur,
2919 946 3042 1013 quo
3061 925 3244 991 semel

614 1018 745 1101 fuit
810 1037 1115 1103 suspensa
1171 1038 1216 1083 a
1272 1017 1621 1102 spiritibus,
1680 1018 1789 1084 hoc
1853 1023 1967 1083 aut
2013 1016 2119 1083 illo
2162 1016 2337 1083 modo
2379 1016 2652 1100 aqitatis,
2701 1019 2833 1080 tum
2875 1016 3016 1100 ipsa
3055 1013 3244 1098 ylans

608 1106 778 1191 ipsos
841 1107 1112 1192 spiritus
1168 1106 1478 1172 animales
1533 1106 1738 1172 eodem
1784 1106 1962 1173 modo
2002 1106 2301 1192 propellet
2345 1111 2401 1170 et
2446 1104 2895 1187 detenninabit,
2937 1125 3011 1169 ac
3053 1108 3242 1169 antea

612 1216 654 1260 a
718 1195 913 1260 simili
949 1194 1271 1300 qlanduloe
1312 1196 1722 1280 suspensione
1762 1195 2004 1281 repulsi
2044 1196 2323 1279 fuerant.
2370 1193 2692 1260 Praeterea
2733 1194 2975 1297 statuit,
3018 1212 3244 1297 unani-

615 1462 900 1529 voluntas
964 1422 1215 1546 efficiet,
1263 1468 1338 1527 ut
1395 1462 1643 1567 pupilla
1688 1462 2026 1541 dilatetur,·
2070 1461 2181 1528 sed
2225 1461 2284 1527 si
2327 1463 2403 1528 de
2442 1462 2577 1526 sola
2621 1461 2957 1527 dilatanda
2998 1372 3245 1545 pu’puza

613 1553 847 1636 coqitet,
888 1551 1053 1618 nihil
1092 1551 1372 1636 proderit
1401 1554 1550 1653 ‘ejus
1592 1553 1688 1616 rei
1731 1551 1957 1617 habere
1995 1550 2388 1634 voluntatem,
2409 1551 2562 1635 quia
2596 1549 2856 1615 Natura
2879 1569 3006 1615 non
3022 1550 3247 1633 junxit

612 1647 844 1707 motum
896 1640 1168 1725 ylandis,
1219 1640 1333 1728 qui
1389 1640 1650 1707 inservit
1693 1640 2086 1727 impellendis
2128 1641 2455 1725 spiritibus
2496 1659 2716 1705 versus
2757 1639 3017 1704 nervum
3070 1637 3244 1724 Opti-

611 1751 752 1795 cum
794 1731 971 1796 modo
1010 1732 1405 1795 conveniente
1447 1729 1793 1795 dilatandoe
1835 1730 1929 1795 vel
1966 1729 2419 1795 contrahendae
2438 1728 2716 1813 pupillae,
2751 1749 2892 1793 cum
2928 1728 3244 1793 voluntate

612 1820 870 1885 eandem
934 1819 1256 1885 dilatandi
1314 1818 1410 1884 vel
1473 1818 1899 1902 contrahendi,
1957 1819 2067 1885 sed
2130 1819 2374 1884 danum
2417 1837 2558 1882 cum
2597 1817 2914 1883 voluntate
2955 1817 3247 1882 intuendi

611 1908 841 1993 objecta
906 1913 1142 1974 remota
1206 1906 1301 1973 vel
1361 1909 1674 1992 proxima.
1745 1908 2035 1995 Denique
2098 1910 2342 1991 statuit,
2400 1907 2582 1990 quod,
2641 1907 2758 1971 etsi
2816 1908 3247 1993 unusquisque

615 2005 816 2063 motus
863 1995 1055 2081 hujus
1093 1994 1419 2081 qlanduloe
1462 1997 1751 2063 videatur
1792 2017 2116 2063 connexus
2160 2018 2291 2063 esse
2332 2017 2449 2082 per
2492 1995 2815 2061 Naturam
2858 1996 3125 2079 sinqulis
3167 2015 3246 2061 ex

615 2088 848 2154 nostris
912 2085 1382 2192 capitationibus
1446 2086 1527 2151 ab
1595 2086 1777 2152 initio
1836 2092 2068 2152 nostrae
2126 2088 2288 2167 vitae,
2333 2085 2480 2150 aliis
2541 2089 2753 2151 tamen
2805 2105 2923 2170 per
2968 2084 3246 2151 habitum

614 2182 880 2262 possunt
940 2176 1166 2260 junqi5
1235 2174 1401 2263 quod
1453 2174 1718 2260 probare
1778 2182 2046 2242 conatur
2090 2181 2212 2241 art.
2259 2176 2362 2240 50.
2397 2195 2467 2260 p.
2515 2175 2574 2239 1.
2621 2175 2697 2240 de
2739 2173 2923 2239 Pass.
2973 2174 3245 2238 Animae.

616 2265 722 2331 Ex
777 2264 877 2331 his
920 2264 1248 2349 concludit,
1290 2263 1531 2330 nullam
1576 2285 1703 2331 esse
1747 2269 1878 2331 tam
1923 2264 2274 2330 imbecillem
2319 2264 2638 2346 Animam,
2683 2284 2826 2350 quoe
2867 2282 2996 2328 non
3035 2262 3247 2347 possit,

616 2375 757 2420 cum
814 2354 962 2420 bene
1021 2354 1342 2440 diriqitur,
1401 2355 1728 2436 acquirere
1782 2357 2147 2439 potestatem
2191 2353 2538 2420 absolutam
2580 2353 2655 2418 in
2697 2373 2848 2417 suas
2891 2351 3245 2418 Passiones,

615 2443 785 2509 Nam
828 2444 943 2527 hee,
986 2448 1061 2508 ut
1103 2443 1184 2508 ab
1227 2462 1294 2508 eo
1336 2442 1749 2526 definiuntur,
1790 2449 1942 2509 sunt
1969 2445 2448 2528 ‚perception08,
2486 2447 2600 2507 aut
2637 2461 2886 2524 sensuS,
2924 2446 3037 2506 aut
3073 2460 3245 2506 oom-

611 2536 925 2599 motiones
991 2535 1246 2615 animae,
1314 2552 1461 2617 quae
1530 2532 1609 2597 ad
1677 2551 1818 2598 oam
1884 2535 2214 2617 speciatim
2272 2532 2657 2615 referuntur,
2711 2549 2992 2616 quasque
3035 2529 3173 2594 NB.
3196 2533 3241 2610 1)

603 2622 1066 2707 producuntur,
1126 2627 1609 2705 conservantur,
1665 2627 1730 2687 ot
1776 2620 2293 2705 corroborantur,
2340 2640 2453 2706 por
2496 2621 2776 2705 aliquem
2824 2625 3072 2685 motum
3117 2621 3244 2702 spi-

602 2713 848 2776 rituum
893 2710 1050 2792 (vide
1093 2715 1215 2776 art
1261 2709 1367 2774 27.
1402 2730 1464 2796 p.
1506 2711 1566 2775 1.
1604 2709 1784 2776 Pass.
1829 2710 2083 2789 Anim..)
2110 2710 2206 2776 At
2229 2709 2740 2799 quandoquidem
2761 2708 3006 2774 cuilibet
3024 2708 3242 2773 volun-

603 2800 722 2865 tati
776 2819 1105 2884 possumus
1155 2801 1420 2882 7‘un9ere
1462 2807 1695 2865 motum
1738 2818 2164 2885 quemcunque
2214 2800 2493 2884 qlandis,
2537 2804 2593 2863 et
2637 2802 3078 2884 consequenter
3121 2797 3244 2881 spi-

601 2890 879 2966 rituum‚·
946 2892 1004 2953 et
1062 2888 1494 2954 determinatio
1551 2890 1897 2954 votuntatis
1957 2908 2001 2953 a
2062 2889 2196 2954 sola
2266 2893 2488 2954 nostra
2548 2892 2843 2973 potestate
2883 2888 3145 2971 pendet,·
3187 2886 3245 2949 si

607 2979 802 3062 iyitur
842 2984 1128 3042 nostram
1169 2976 1547 3043 voluntatem
1590 2980 1773 3043 certis
1818 2984 1876 3043 et
1914 2978 2120 3058 firmis
2150 2978 2432 3061 judiciis,
2473 2977 2815 3042 secundum
2852 2997 2995 3063 quoe
3015 2981 3247 3041 nostroe

600 3068 746 3132 vitoe
788 3067 1061 3133 actiones
1104 3066 1376 3150 diriqere
1418 3066 1718 3147 volumus,
1764 3065 2260 3148 determinemus,
2303 3071 2363 3131 et
2404 3070 2604 3131 motus
2645 3066 3034 3170 passionum,
3080 3084 3241 3151 quas

604 3156 828 3222 habere
869 3155 1172 3239 volumus,
1214 3154 1375 3220 hisce
1411 3156 1672 3238 7udiciis
1700 3158 2068 3240 junqamus‚
2106 3156 2444 3237 imperium
2480 3155 2874 3237 acquiremus
2891 3152 3242 3220 absolutum

605 3245 675 3311 in
717 3252 968 3311 nostras
1010 3243 1358 3310 Passiones.
1405 3244 1563 3309 Hoec
1607 3249 1697 3309 est
1738 3244 2075 3310 ckarissimi
2125 3244 2320 3329 hujus
2376 3243 2519 3309 Viri
2556 3245 2870 3309 sententia
2913 3249 3243 3331 (quantum

610 3356 686 3399 esc
727 3335 930 3420 ipsius
973 3334 1175 3400 verbis
1218 3332 1495 3418 conjicio)
1538 3353 1729 3420 quam
1774 3353 1882 3419 eqo
1927 3333 2033 3398 vix
2075 3333 2478 3399 credidissem
2520 3353 2565 3398 a
2610 3337 2786 3399 tanto
2843 3332 2992 3399 Viro
3033 3330 3243 3416 prola-

611 3428 743 3490 tam
785 3444 933 3506 esse,
975 3423 1035 3486 si
1078 3423 1289 3488 minus
1331 3428 1521 3488 acuta
1565 3424 1808 3507 fuisset.
1847 3421 2139 3507 Profecto
2175 3423 2406 3487 mirari
2442 3423 2602 3487 satis
2639 3441 2770 3487 non
2791 3441 3059 3524 possum,
3082 3419 3246 3524 quod

606 3513 706 3578 vir
752 3511 1183 3597 Philosophus,
1226 3511 1337 3597 qui
1379 3511 1647 3594 firmiter
1689 3517 2019 3596 statuerat,
2062 3511 2224 3576 nihil
2268 3511 2583 3593 deducere,
2626 3512 2757 3577 nisi
2800 3531 2875 3576 ex
2907 3509 3245 3595 principiis

608 3621 723 3686 per
783 3622 849 3668 se
907 3602 1089 3683 notis,
1134 3607 1191 3665 et
1246 3600 1411 3665 nihil
1454 3600 1815 3685 affirmre,
1859 3600 1990 3666 nisi
2035 3602 2204 3688 quod
2245 3601 2410 3665 clare
2454 3607 2513 3666 et
2560 3600 2843 3667 distincte
2883 3600 3245 3684 perciperet,

610 3697 666 3755 et
711 3690 823 3775 qui
866 3690 1039 3755 toties
1084 3687 1487 3756 Scholasticos
1531 3689 2036 3776 reprehenderat,
2081 3690 2249 3777 quod
2291 3710 2408 3774 per
2449 3689 2716 3755 occultas
2764 3688 3101 3776 qualitates
3145 3706 3245 3751 res

610 3779 904 3845 obscuras
968 3778 1278 3844 voluerint
1344 3779 1674 3863 emplicare,
1734 3778 2136 3865 Hypothesin
2198 3783 2408 3844 sumat
2450 3780 2620 3844 omni
2662 3778 2901 3844 occulta
2943 3775 3247 3864 qualitate

611 3868 1012 3934 occultiorem.
1084 3866 1265 3951 Quid,
1332 3887 1554 3953 quaes0,
1619 3888 1736 3953 per
1793 3869 2039 3934 Mentis
2097 3874 2156 3933 et
2219 3866 2511 3952 Corporis
2570 3869 2861 3933 unionem
2902 3865 3225 3951 intelliqit.
3212 3863 3245 3911 2

611 3978 808 4043 quem,
854 3959 1135 4043 inquam,
1179 3957 1421 4022 clarum
1466 3963 1526 4022 et
1570 3956 1932 4022 distinctum
1977 3963 2331 4041 conceptum
2377 3956 2554 4023 habet
2591 3957 2987 4042 coqitationis
3019 3955 3241 4021 arctis-

610 4047 762 4113 sime
808 4048 1004 4112 un'itae
1046 4046 1293 4111 cuidam
1338 4047 1720 4131 quantitatis
1762 4045 2228 4131 portiunculae?
2286 4045 2515 4111 Vellem
2552 4066 2726 4129 sane,
2762 4050 2834 4110 ut
2867 4045 3031 4109 hanc
3065 4047 3243 4108 wneb-

609 4157 748 4201 nem
788 4156 904 4221 per
943 4137 1297 4219 proximam
1339 4155 1523 4200 suam
1559 4155 1815 4200 causam
1855 4135 2260 4221 explicuisset.
2300 4133 2425 4200 Sed
2461 4134 2567 4201 ille
2605 4135 2884 4201 Mentem
2906 4154 2947 4198 a
2973 4131 3243 4216 Corpore

610 4225 764 4290 adeo
829 4225 1185 4290 distinctam
1250 4229 1626 4309 conceperat,
1693 4229 1765 4288 ut
1832 4244 1944 4290 nec
2004 4224 2210 4328 hujus·
2256 4224 2520 4307 unionis,
2582 4245 2691 4290 nec
2748 4223 2950 4307 ipsius
3008 4220 3245 4286 Mentis

610 4314 809 4379 ullam
867 4313 1247 4396 sinqularem
1294 4333 1548 4378 causam
1592 4315 1920 4397 assiqnare
1959 4314 2250 4399 potuerit,
2297 4314 2407 4379 sed
2450 4333 2688 4379 necesse
2731 4312 2857 4396 ipsi
2898 4311 3116 4395 fuerit,
3158 4309 3246 4373 ad

606 4422 865 4468 causam
932 4403 1119 4467 totius
1195 4401 1502 4487 Universi,
1564 4402 1673 4468 hoc
1733 4409 1825 4468 est
1869 4402 1960 4469 ad
2001 4401 2229 4485 Deum
2274 4423 2616 4468 recurrere.
2665 4400 2912 4466 Deinde
2952 4398 3244 4485 pervelim

609 4492 787 4574 scire,
843 4496 996 4577 quot
1052 4494 1251 4556 motus
1292 4492 1528 4567 aradus
1568 4498 1766 4576 potest
1806 4492 2133 4575 qlandulae
2174 4492 2283 4557 isti
2323 4493 2568 4576 pineali
2612 4491 2804 4556 Mens
2848 4489 3140 4569 tribuere,
3185 4491 3241 4551 et

609 4585 854 4666 quanta
919 4600 1061 4646 cum
1125 4582 1191 4645 vi
1246 4582 1507 4648 eandem
1565 4601 1935 4666 suspensam
1994 4587 2203 4648 tenere
2261 4586 2476 4665 potest.
2525 4580 2695 4647 Nam
2739 4580 2944 4645 nescio
2985 4598 3072 4643 an
3117 4538 3244 4641 hoec

675 4800 733 4866 1)
766 4801 915 4853 Vers.
953 4801 1024 4851 Be
994 4802 1130 4866 e.:lg
1165 4816 1230 4854 en
1263 4802 1350 4854 die
1390 4802 1589 4868 (merle)
1629 4802 1764 4855 door
1796 4803 1976 4869 eeniqe
2005 4802 2269 4869 beweqinq
2309 4802 2408 4854 der
2438 4807 2648 4869 qeesten
2653 4798 3072 4883 ‘voortqebracht
3083 4834 3232 4849 .....

609 4868 920 4921 wordenae-
942 4869 1034 4921 Ed.
1053 4869 1171 4920 Pr.:
1193 4884 1417 4936 quoeque
1424 4870 1830 4937 producuntur
1847 4869 2202 4935 Corrigenda.
2221 4870 2307 4921 ita
2320 4868 2537 4927 Auctor
2552 4868 2868 4935 scripserat,
2885 4865 3006 4918 NB.
3009 4865 3242 4933 produn
