3609 5642
1457 536 1539 582 nn
1581 537 1971 583 Ari-normes.
2934 519 3016 583 75

1382 721 2043 769 GOROLLARIUM

482 805 587 870 Ex
654 824 728 869 eo
797 805 951 887 solo,
997 803 1173 888 quod
1216 822 1350 868 rem
1398 803 1679 888 aliquam
1728 804 1959 869 affeetu
2005 803 2271 869 Laetitiae
2316 805 2419 869 vel
2463 804 2782 889 Tristitiae,
2827 807 3018 889 cujus

393 895 534 980 ipsa
598 913 731 958 non
799 898 893 959 est
960 912 1158 958 eausa
1222 892 1525 977 efficiens,
1592 894 2005 979 contemplati
2051 913 2300 977 sumus,
2343 895 2607 960 eandem
2656 914 2871 960 amare
2917 895 3021 960 vel

396 984 542 1048 odio
588 982 821 1049 habere
867 1001 1230 1067 possumus.

1355 1114 2071 1161 DEMONSTRATIQ

484 1197 652 1262 Nam
718 1216 801 1262 ex
868 1198 989 1261 hoe
1056 1197 1191 1260 solo
1259 1194 1332 1259 fit
1401 1196 1551 1276 (per
1595 1194 1790 1277 Prop.
1837 1197 1942 1260 14.
1987 1196 2223 1281 hujus),
2290 1202 2363 1261 ιιι
2421 1196 2606 1262 Mens
2672 1198 2837 1262 hane
2885 1215 3022 1261 rem

395 1292 616 1371 postea
659 1285 1088 1371 imaginando,
1133 1284 1362 1349 affeetu
1408 1283 1672 1349 Laetitiae
1719 1286 1821 1350 vel
1864 1286 2163 1351 Tristitiae
2207 1285 2541 1368 afficiatur,
2585 1286 2708 1351 hoe
2754 1291 2851 1351 est
2873 1291 2896 1365 (
2910 1304 3027 1370 per

398 1374 592 1441 Schol.
662 1373 857 1459 Prop.
928 1374 1031 1438 11.
1098 1373 1214 1456 huj
1217 1378 1334 1456 us),
1379 1379 1453 1438 ut
1496 1372 1733 1439 Mentis
1781 1380 1846 1439 et
1892 1374 2189 1460 Corporis
2234 1378 2516 1459 potentia
2562 1380 2897 1460 augeatur,
2920 1375 3025 1439 vel

400 1466 749 1547 minuatur,
795 1468 909 1529 ete.
954 1464 1039 1527 Et
1085 1468 1556 1547 consequenter
1601 1468 1751 1547 (per
1795 1461 1995 1550 Prop.
2041 1464 2145 1528 12.
2190 1462 2424 1548 hujus),
2448 1473 2521 1530 ut
2544 1463 2729 1529 Mens
2755 1464 3022 1529 eandem

396 1555 735 1640 imaginari
801 1554 1017 1636 cupiat
1084 1553 1185 1617 vel
1231 1557 1380 1635 (per
1425 1549 1647 1617 Coroll.
1692 1551 1886 1637 Pr0p.
1935 1552 2037 1617 13.
2084 1552 2297 1637 hujus)
2344 1558 2704 1633 aversetur;
2756 1553 2879 1617 hoo
2924 1557 3027 1618 est

401 1649 554 1729 (per
599 1640 796 1708 Sahal.
841 1641 1037 1726 Prop.
1087 1641 1190 1705 13.
1235 1640 1473 1724 hujus),
1519 1647 1593 1706 ut
1638 1642 1904 1707 eandem
1952 1647 2120 1708 amet
2166 1643 2269 1707 vel
2295 1643 2441 1708 odio
2465 1642 2710 1708 habeat.
2740 1640 2808 1722 Q.
2832 1640 2914 1706 E.
2944 1640 3027 1707 D.

1478 1774 1950 1821 SOHOLIUM.

488 1854 660 1920 Hine
724 1856 1167 1941 intelligimus,
1236 1856 1350 1939 qui
1415 1853 1557 1920 fieri
1631 1860 1859 1940 potest,
1929 1860 2004 1920 ιιι
2050 1856 2343 1940 quaedam
2392 1875 2683 1921 amemus
2729 1856 2830 1921 vel
2880 1856 3027 1921 odio

402 1944 754 2010 habeamus
799 1944 1044 2030 absque
1087 1944 1220 2009 ulla
1269 1962 1464 2008 eausa
1510 1943 1700 2009 nobis
1746 1946 2036 2030 cognita3
2086 1946 2199 2011 sed
2243 1950 2495 2010 tantum
2534 1964 2619 2010 ex
2658 1944 3029 2030 Sympathia

404 2038 501 2115 (ut
566 2034 770 2117 ajunt)
838 2039 902 2100 et
967 2033 1356 2118 Antipathia.
1404 2034 1624 2116 Atque
1670 2034 1798 2098 hue
1843 2033 2173 2100 referenda
2220 2037 2410 2100 etiam
2458 2053 2533 2099 ea
2577 2034 2839 2117 objecta,
2881 2053 3029 2118 quae

403 2142 525 2187 nos
571 2121 818 2188 Laetitia
867 2122 969 2188 vel
1009 2123 1291 2187 Tristitia
1334 2120 1626 2186 afficiunt
1670 2141 1754 2188 ex
1800 2141 1876 2188 eo
1922 2124 2075 2207 solo,
2099 2124 2271 2208 quod
2295 2124 2539 2209 aliquid
2563 2124 2770 2188 simile
2792 2123 3032 2188 habent

406 2211 690 2296 objectis,
750 2232 895 2297 quae
962 2231 1082 2276 nos
1149 2212 1375 2276 iisdem
1443 2210 1774 2276 affectibus
1844 2211 2096 2277 afficere
2155 2214 2379 2296 solent,
2427 2218 2499 2277 ιιι
2542 2214 2613 2276 in
2661 2231 2792 2296 seq.
2840 2211 3030 2297 Prop.

405 2301 757 2366 ostendam.
823 2300 969 2366 Scio
1031 2301 1328 2384 equidem
1375 2301 1714 2379 Auctores,
1758 2303 1872 2385 qui
1918 2302 2109 2386 primi
2153 2302 2291 2366 haee
2337 2303 2598 2369 nomina
2641 2301 3031 2387 Sympathiae

406 2395 470 2454 et
514 2390 907 2474 Antipathiae
949 2390 1474 2470 introduxerunt,
1519 2389 1882 2474 significare
1925 2391 2152 2455 iisdem
2200 2393 2484 2457 voluisse
2505 2410 2724 2456 rerum
2748 2391 3033 2456 occultas

410 2479 722 2562 quasdam
791 2479 1161 2564 qualitates3
1233 2478 1345 2544 sed
1413 2478 1838 2544 nihilominus
1905 2479 2095 2544 eredo
2163 2479 2350 2546 nobis
2395 2480 2605 2564 licere,
2650 2499 2765 2566 per
2808 2480 3032 2546 eadem
3091 2482 3106 2495 “

406 2571 591 2632 notas
637 2568 740 2633 vel
785 2567 1155 2633 manifestas
1201 2568 1391 2633 etiam
1440 2568 1780 2652 qualitates
1826 2569 2199 2654 intelligere.

1215 2703 1939 2789 „PRorosrno
2030 2704 2211 2770 xvi

496 2817 602 2883 Ex
664 2839 733 2885 eo
794 2820 937 2902 sole,
1005 2817 1171 2908 quod
1231 2839 1365 2884 rem
1432 2817 1718 2906 aliquam
1781 2818 2032 2906 aliquid
2087 2818 2312 2885 habere
2371 2819 2796 2906 imaqinamur
2839 2818 3037 2885 simile

407 2907 651 2993 objecta,
692 2909 861 2991 quod
902 2909 1180 2975 Mentem
1222 2902 1480 2973 Laetitia
1519 2907 1614 2972 vel
1656 2906 1952 2974 Tristitia
1984 2907 2244 2993 afficere
2277 2907 2429 2975 solet
2441 2929 2465 2988 ,·
2500 2910 2788 2996 quamvis
2831 2909 2920 2993 id,
2968 2909 3036 2973 in

410 3017 533 3082 quo
598 3017 700 3063 res
765 2999 987 3084 objecto
1051 3003 1141 3063 est
1199 2997 1439 3079 similis,
1499 3017 1627 3062 non
1692 2996 1776 3062 sit
1820 2997 2041 3062 horum
2082 2999 2438 3083 affectuum
2480 2998 2764 3083 efficiens
2804 3017 3039 3077 oausa5

408 3107 546 3152 eam
588 3090 796 3152 tamen
840 3086 1194 3154 amabimus
1234 3086 1330 3152 vel
1374 3086 1514 3151 odio
1556 3086 1932 3152 habebimus.

1364 3219 2085 3267 DEMONSTRATIQ

499 3300 594 3383 Id,
662 3302 835 3386 quod
908 3304 1117 3367 simile
1185 3306 1283 3367 est
1344 3300 1609 3384 objeotO,
1668 3303 1736 3365 in
1782 3303 1923 3386 ipso
1972 3301 2217 3384 objecto
2263 3305 2410 3382 (per
2452 3300 2839 3386 hypothesin)
2886 3321 3035 3366 eum

413 3390 642 3456 affeetu
712 3390 976 3456 Laetitiae
1041 3391 1144 3456 vel
1211 3390 1510 3455 Tristitiae
1576 3391 1992 3475 contemplati
2061 3409 2322 3471 sumus3
2391 3395 2588 3475 atque
2656 3391 2814 3457 adeo
2889 3390 3040 3475 (per

413 3478 616 3563 Prop.
683 3480 786 3544 14.
832 3479 1063 3563 huius),
1109 3499 1256 3544 eum
1304 3479 1489 3545 Mens
1535 3481 1676 3563 ejus
1719 3481 2001 3565 imagine
2045 3480 2379 3561 afficietur,
2423 3482 2636 3546 statim
2683 3482 2872 3546 etiam
2917 3479 3039 3544 hoe

414 3568 518 3634 vel
581 3569 696 3633 illo
742 3568 1058 3635 afficietur
1103 3569 1352 3652 affeetu,
1398 3573 1462 3634 et
1506 3574 1977 3653 consequenter
2018 3588 2140 3652 res,
2186 3588 2382 3654 quam
2427 3568 2548 3634 hoe
2592 3569 2762 3635 idem
2808 3568 3040 3634 habere

414 3659 819 3743 percipimus,
887 3660 1008 3725 erit
1067 3664 1217 3743 (per
1260 3657 1450 3742 Prop.
1498 3657 1602 3721 15.
1646 3657 1862 3741 hujus)
1913 3677 2026 3742 per
2070 3659 2364 3724 accidens
2410 3657 2674 3722 Laetifiae
2717 3659 2829 3724 vel
2871 3658 3039 3723 Tris-

414 3748 577 3813 titiae
622 3767 852 3830 oausa3
900 3749 1187 3832 adeoque
1231 3752 1380 3831 (per
1419 3746 1681 3831 proeoed,
1734 3746 1999 3832 Gardt),
2047 3748 2345 3832 quamvis
2392 3747 2478 3831 id,
2520 3749 2588 3811 in
2638 3767 2769 3832 quo
2794 3746 3039 3830 objecto

415 3842 514 3902 est
565 3837 814 3922 similis,
857 3857 990 3902 non
1037 3839 1120 3902 sit
1163 3837 1395 3901 horum
1442 3836 1788 3901 affectuum
1837 3857 2033 3903 causa
2077 3835 2378 3921 efficienS,
2423 3856 2564 3903 eam
2608 3841 2824 3902 tamen
2869 3856 3040 3901 ama-

416 3925 632 3990 bimus
678 3927 778 3992 vel
826 3927 972 3991 odio
1018 3925 1413 3991 habebimus.
1466 3924 1534 4006 Q.
1579 3924 1656 3989 E.
1703 3924 1785 3991 D.

1232 4061 1928 4129 PROPOSITIO
2019 4062 2234 4128 XVII.

507 4176 581 4243 Si
644 4198 777 4243 rem
806 4180 867 4262 ¹),
934 4198 1074 4266 quae
1140 4196 1255 4242 nos
1320 4177 1626 4242 Tristitioe
1687 4176 1919 4257 affectu
1986 4176 2249 4260 afficere
2306 4175 2471 4258 solet,
2536 4175 2784 4261 aliquid
2826 4175 3046 4241 habere

416 4267 843 4352 imaqinamur
909 4267 1108 4332 simile
1162 4266 1365 4349 alteri,
1423 4286 1567 4353 quae
1625 4284 1740 4331 nos
1801 4285 1977 4351 oeque
2043 4284 2269 4348 mayno
2311 4265 2583 4330 Laetitioe
2624 4265 2855 4346 affectu
2896 4267 3047 4332 solet

417 4378 457 4423 a
462 4356 699 4443 ffioere,
743 4356 1003 4422 eandem
1045 4354 1183 4423 odio
1227 4355 1582 4422 habebimus
1625 4360 1686 4420 et
1726 4355 1918 4420 simod
1961 4354 2322 4420 amabimus,

1372 4488 2092 4535 nunonsrnArre

509 4571 628 4636 Est
696 4572 869 4635 enim
936 4577 1083 4655 (per
1126 4569 1515 4655 hypothesin)
1583 4571 1718 4635 haee
1761 4589 1866 4635 res
1912 4589 2026 4655 per
2071 4589 2141 4635 se
2184 4568 2482 4635 Tristitiae
2529 4588 2740 4653 eausa,
2786 4574 2849 4636 et
2893 4574 3047 4653 (per

418 4659 619 4729 schol.
679 4658 875 4745 Prop.
937 4660 1038 4724 13.
1095 4659 1325 4745 hujus),
1385 4664 1703 4744 quatenus
1770 4659 2041 4726 eandem
2108 4660 2228 4724 hoo
2295 4659 2524 4725 affectu
2595 4661 3046 4743 imaginamur,

487 4894 545 4961 1)
579 4894 753 4947 Anon.
786 4895 1029 4961 Tubing„
1063 4894 1328 4947 Camerer.
1361 4923 1427 4932 —
1461 4894 1555 4947 Ed.
1590 4894 1676 4947 Pr.
1711 4909 1817 4949 res.
