3609 5642
1380 514 1463 558 nn
1504 513 1839 559 smavrrtrrn
1879 514 2155 559 numm.
2948 496 3076 559 149

447 679 956 764 Propositionem
1019 682 1117 744 18.
1186 680 1266 744 de
1313 681 1658 746 affectuum
1708 681 1954 746 viribus
2001 682 2420 762 ostendimus,
2462 681 2646 746 facile
2694 681 3079 765 videbimus,

449 769 606 852 quid
654 770 862 849 homo,
911 771 1025 853 qui
1073 769 1207 833 solo
1254 769 1483 834 affectu
1531 789 1647 835 seu
1694 770 2011 854 opinione,
2056 772 2320 853 homini,
2360 771 2473 854 qui
2509 769 2779 835 Ratione
2803 771 3078 854 ducitur,

449 859 719 922 intersit.
788 858 905 923 Ille
971 861 1164 938 enim,
1231 858 1385 923 velit
1453 862 1631 942 nolit,
1699 878 1791 942 ea,
1865 879 2014 944 quae
2084 862 2365 925 maxime
2426 862 2696 943 ignorat,
2757 863 2919 944 agit3
2972 862 3076 924 hic

449 951 665 1012 autem
726 949 989 1031 nemini,
1035 949 1161 1012 nisi
1208 946 1351 1029 sibi,
1397 967 1637 1013 morem
1683 951 1865 1033 gerit,
1913 953 1978 1012 et
2022 968 2097 1013 ea
2142 955 2393 1013 tantum
2443 951 2592 1034 agit,
2641 967 2789 1033 quae
2834 952 2902 1012 in
2946 952 3076 1014 vita

449 1038 656 1119 prima
698 1054 839 1101 esse
884 1037 1083 1119 novit,
1130 1055 1404 1121 quaeque
1449 1043 1784 1122 propterea
1831 1040 2111 1102 maxime
2156 1040 2366 1122 cupit,
2415 1046 2478 1102 et
2523 1039 2666 1103 ideo
2713 1039 2896 1103 illum
2945 1058 3073 1105 ser-

448 1145 624 1206 vum,
691 1125 866 1190 hunc
928 1130 1141 1190 autem
1201 1124 1475 1190 liberum
1525 1147 1703 1210 vocO,
1749 1127 1828 1191 de
1873 1128 2061 1210 cujus
2106 1127 2367 1211 ingenio
2413 1133 2476 1192 et
2522 1128 2783 1193 vivendi
2828 1129 3076 1193 ratione

447 1234 654 1298 pauca
700 1215 911 1279 adhuc
956 1219 1180 1280 notare
1223 1214 1395 1279 libet.

1237 1363 1930 1431 PROPOSITIO
2021 1364 2287 1431 LXVII.

534 1486 737 1553 Homo
803 1487 957 1553 liber
1021 1488 1097 1553 de
1164 1488 1350 1553 nulla
1414 1509 1484 1554 re
1549 1491 1764 1555 minus
1830 1511 2024 1577 quam
2091 1491 2166 1557 de
2231 1494 2425 1556 morte
2489 1490 2752 1576 coqitat3
2816 1498 2874 1556 et
2936 1494 3076 1574 ejus

443 1577 759 1657 sapientia
803 1596 932 1643 non
976 1579 1211 1662 mortiS,
1253 1579 1366 1643 sed
1406 1578 1549 1642 vitoe
1592 1580 1913 1645 meditatio
1957 1585 2063 1645 est.

1392 1724 2121 1770 DEMONSTRATIQ

533 1801 745 1867 Homo
814 1804 994 1886 liber,
1057 1805 1178 1869 hoc
1246 1809 1343 1869 est
1405 1807 1518 1889 qui
1579 1825 1662 1870 ex
1710 1807 1846 1870 solo
1892 1805 2184 1872 Rationis
2231 1807 2575 1872 dictamine
2622 1809 2799 1890 vivit,
2847 1809 3068 1873 mortis

445 1890 624 1956 Metu
693 1911 822 1956 non
891 1893 1149 1958 ducitur
1214 1898 1351 1977 (per
1417 1893 1611 1975 Prop.
1685 1895 1788 1959 63.
1858 1895 2092 1978 hujus),
2160 1897 2273 1961 sed
2320 1896 2562 1961 bonum
2610 1897 2848 1961 directe
2893 1898 3072 1981 cupit

444 1984 578 2064 (per
626 1979 847 2046 Coroll.
893 1983 1161 2065 ejusdem
1202 1982 1442 2067 Prop.),
1488 1984 1607 2047 hoc
1654 1990 1751 2050 est
1796 1989 1932 2067 (per
1976 1983 2166 2069 Prop.
2213 1985 2318 2049 24.
2354 1984 2570 2069 hujus)
2610 2004 2814 2070 agere,
2839 1987 3073 2068 vivere,

444 2089 638 2134 suum
686 2089 826 2136 esse
871 2091 1250 2137 conservare
1295 2092 1378 2137 ex
1423 2072 1842 2138 fundamento
1890 2075 2218 2158 proprium
2268 2075 2426 2139 utile
2471 2075 2838 2158 quaerendi3
2880 2080 3074 2159 atque

444 2158 601 2223 adeo
672 2160 833 2223 nihil
894 2162 1109 2226 minus
1157 2181 1353 2245 quam
1401 2161 1480 2225 de
1526 2167 1729 2226 morte
1774 2164 2027 2247 cogitat,
2073 2164 2186 2228 sed
2233 2165 2373 2246 ejus
2419 2166 2730 2247 sapientia
2779 2165 2929 2228 vitae
2974 2170 3072 2230 est

446 2248 796 2313 meditatio.
846 2247 915 2328 Q.
964 2249 1042 2315 E.
1089 2248 1172 2314 D.

1211 2400 1912 2467 PROPOSITIO
2002 2400 2300 2467 LXVIII.

532 2522 607 2590 Si
649 2524 923 2591 hanzines
966 2526 1143 2592 liberi
1185 2534 1612 2612 nascerentur,
1655 2527 1903 2593 nullam
1949 2527 2095 2593 bom⁸
2135 2534 2194 2593 et
2208 2570 2219 2576 -
2235 2527 2389 2593 mal-i
2431 2529 2783 2613 formarent
2819 2548 3065 2616 concep-

439 2619 593 2695 tum,
636 2616 942 2701 quamdiu
986 2615 1162 2682 liberi
1202 2622 1418 2683 essent.

1400 2764 2117 2810 DEMONSTRATIQ

530 2839 726 2905 Illum
772 2841 1045 2908 liberum
1095 2862 1236 2911 esse
1281 2845 1438 2928 dixi,
1485 2848 1602 2930 qui
1646 2847 1782 2912 sola
1829 2846 2087 2910 ducitur
2130 2843 2432 2925 Ratione;
2485 2847 2600 2929 qui
2642 2847 2863 2929 itaque
2906 2843 3069 2909 liber

440 2931 746 3012 nascitur,
814 2936 876 2996 et
941 2932 1105 2999 liber
1147 2940 1381 3018 manet,
1425 2955 1557 2999 non
1604 2937 1731 3000 nisi
1776 2935 2145 3019 adsequatas
2191 2935 2368 2999 ideas
2413 2934 2635 3012 habet3
2684 2953 2757 2998 ac
2803 2933 3068 3018 proinde

441 3018 594 3082 mali
656 3026 1033 3105 conceptum
1081 3023 1271 3089 habet
1314 3024 1568 3088 nullum
1615 3030 1763 3104 (per
1811 3022 2028 3090 Coroll.
2076 3023 2266 3107 Prop.
2315 3023 2417 3087 64.
2462 3023 2696 3107 hujus),
2740 3028 2803 3088 et
2848 3042 3066 3088 conse-

444 3112 716 3191 quenter
776 3114 946 3188 (nam
1015 3110 1255 3178 bonum
1301 3120 1364 3179 et
1408 3114 1649 3178 malum
1697 3114 2007 3178 correlata
2052 3116 2225 3193 sunt)
2272 3131 2482 3197 neque
2528 3112 2696 3177 boni.
2746 3111 2814 3192 Q.
2860 3110 2938 3176 Ε.
2984 3110 3066 3176 D.

1518 3258 1991 3305 SOHOLIUM.

532 3333 749 3419 Hujus
816 3337 1279 3424 Propositionis
1325 3341 1709 3425 hypothesin
1752 3340 1980 3405 falsam
2025 3357 2184 3422 esse,
2228 3358 2347 3404 nec
2390 3356 2578 3424 posse
2625 3337 2893 3422 concipi,
2938 3338 3066 3402 nisi

446 3430 764 3507 quatenus
831 3428 913 3491 ad
974 3429 1173 3493 solam
1234 3434 1529 3494 naturam
1575 3431 1945 3512 humanam,
1991 3448 2109 3494 seu
2153 3430 2367 3513 potius
2415 3429 2495 3492 ad
2540 3425 2749 3492 Deum
2798 3425 3067 3494 attendi-

445 3533 611 3596 mus,
650 3534 783 3579 non
832 3522 1152 3600 quatenus
1197 3519 1509 3602 infinitus,
1554 3520 1667 3586 sed
1715 3524 2036 3603 quatenus
2081 3517 2527 3583 tantummodo
2574 3535 2767 3580 causa
2813 3519 2927 3597 est,
2951 3534 3067 3579 cur

443 3603 634 3666 homo
681 3606 932 3688 existat,
979 3611 1150 3691 patet
1195 3626 1277 3672 ex
1322 3609 1381 3671 4.
1428 3608 1874 3693 Propositione
1920 3609 2113 3691 hujus
2160 3607 2385 3672 Partis.
2432 3609 2651 3690 Atque
2695 3606 2834 3687 hoc,
2857 3610 2920 3669 et
2942 3604 3066 3669 alia

445 3711 593 3776 quae
654 3695 786 3776 jam
857 3695 1457 3780 demonstravimus,
1525 3697 1831 3764 videntur
1897 3718 1934 3761 a
1996 3697 2173 3762 Mose
2218 3696 2566 3781 significari
2610 3697 2680 3758 in
2723 3694 2832 3758 illa
2877 3695 3065 3778 primi

444 3781 723 3847 hominis
768 3784 1048 3849 historia.
1094 3785 1174 3849 In
1219 3804 1293 3851 ea
1337 3788 1509 3850 enim
1557 3788 1737 3851 nulla
1782 3787 1908 3851 alia
1952 3783 2072 3850 Dei
2119 3788 2401 3870 potentia
2447 3784 2825 3869 concipitur,
2870 3803 3063 3867 quam

443 3870 570 3953 illa,
637 3892 767 3955 qua
834 3874 1156 3939 hominem
1217 3878 1475 3959 creavit,
1520 3876 1639 3940 hoc
1684 3880 1781 3941 est
1827 3877 2125 3960 potentia,
2170 3895 2299 3958 qua
2343 3876 2621 3939 hominis
2668 3872 3067 3938 solummodo

444 3959 701 4024 utilitati
770 3963 1131 4045 consuluit,
1200 3970 1394 4048 atque
1453 3969 1716 4030 eatenus
1773 3970 2090 4045 narratur,
2137 3964 2310 4048 quod
2355 3963 2532 4028 Deus
2578 3963 2822 4026 homini
2866 3961 3065 4026 libero

443 4049 861 4135 prohibuerit,
907 4072 990 4117 ne
1037 4053 1117 4118 de
1162 4052 1386 4119 arbore
1432 4055 1816 4138 cognitionis
1861 4053 2013 4118 boni
2060 4058 2122 4118 et
2168 4054 2321 4118 mali
2367 4052 2743 4134 comederet,
2789 4057 2852 4115 et
2876 4051 3068 4134 quod,

445 4139 715 4204 simulac
762 4140 841 4203 de
886 4160 960 4205 ea
1002 4143 1375 4225 comederet,
1422 4144 1635 4207 statim
1683 4148 1950 4207 mortem
1998 4149 2308 4207 metueret
2353 4143 2567 4226 potius
2607 4160 2801 4223 quam
2851 4143 3067 4204 vivere

443 4234 720 4310 cuperet.
767 4226 1033 4313 Deinde,
1079 4232 1250 4315 quod
1296 4234 1559 4298 inventa
1607 4231 1684 4296 ab
1732 4232 1991 4295 homine
2037 4251 2257 4312 uxore,
2304 4251 2448 4316 quae
2495 4250 2644 4295 cum
2692 4250 2812 4294 sua
2836 4234 3066 4293 natura

443 4334 706 4399 prorsus
773 4320 1209 4401 conveniebat,
1275 4323 1575 4405 cognovit
1643 4322 1803 4384 nihil
1871 4339 2058 4405 posse
2114 4323 2183 4383 in
2229 4320 2476 4384 Natura
2521 4321 2677 4401 dari,
2723 4318 2897 4402 quod
2944 4319 3067 4402 ipsi

442 4412 657 4488 posset
723 4407 835 4471 illa
901 4427 1041 4473 esse
1110 4410 1367 4490 utilius;
1437 4412 1549 4476 sed
1616 4411 1812 4494 quod,
1855 4414 2193 4494 postquam
2239 4410 2428 4473 bruta
2474 4407 2600 4473 sibi
2646 4409 2881 4472 similia
2927 4425 3067 4471 esse

373 4544 375 4546 >
444 4495 730 4577 credidit,
797 4500 1008 4562 statim
1058 4516 1278 4563 eorum
1324 4499 1589 4565 affectus
1633 4501 1871 4563 imitari
1915 4500 2222 4583 inceperit
2266 4498 2426 4578 (vide
2468 4496 2664 4580 Prop.
2709 4496 2814 4561 27.
2859 4514 2920 4579 p.
2968 4495 3069 4578 3,),

444 4588 507 4647 et
568 4584 923 4651 libertatem
970 4606 1153 4652 suam
1202 4589 1522 4669 amittere3
1575 4608 1768 4670 quam
1814 4588 2201 4652 Patriarchae
2247 4592 2465 4672 postea
2512 4588 3068 4670 recuperaverunt,

445 4672 625 4737 ducti
692 4672 935 4756 Spiritu
1007 4675 1260 4758 Christi,
1325 4678 1446 4741 hoc
1516 4683 1614 4742 est
1658 4676 1778 4742 Dei
1824 4678 1983 4759 idea,
2028 4697 2064 4740 a
2110 4697 2239 4759 qua
2282 4677 2420 4741 sola
2466 4675 2716 4760 pendet,
2764 4680 2836 4740 ut
2880 4674 3067 4739 homo

445 4760 608 4826 liber
669 4764 770 4844 sit,
817 4772 878 4828 et
926 4769 997 4828 ut
1043 4765 1307 4846 bonum,
1354 4767 1525 4849 quod
1573 4765 1697 4830 sibi
1742 4768 1938 4851 cupit,
1983 4766 2249 4849 reliquis
2295 4764 2667 4830 hominibus
2717 4765 2951 4848 cupiat,
2996 4766 3069 4826 ut

447 4869 642 4935 supra
689 4854 836 4937 (per
881 4852 1073 4935 Prop.
1122 4853 1224 4919 37.
1270 4853 1482 4940 hujus)
1530 4855 2130 4921 demonstravimus.
