3609 5642
1607 559 1690 603 nn
1731 559 1871 604 nno.
3007 537 3047 600 3

1296 722 1997 790 PROPOSITIO
2089 724 2168 788 V.

332 891 337 896 .
506 836 590 900 In
641 856 858 901 rerum
903 841 1148 902 natura
1191 855 1324 902 non
1359 842 1632 922 possunt
1674 839 1825 903 dari
1869 837 2014 903 ἀνω
2054 843 2169 903 aut
2206 836 2424 918 plures
2466 835 2836 901 substantioe
2880 835 3048 919 ejus-

416 925 556 990 dem
598 930 850 991 natarae
893 927 1019 991 sive
1060 926 1369 992 attributi.

1375 1059 2096 1105 DEMONSTRATIQ

503 1139 574 1204 Si
641 1140 948 1205 darentur
1012 1142 1230 1225 plures
1299 1141 1643 1225 distinctae,
1712 1142 2017 1208 deberent
2084 1143 2254 1205 inter
2313 1158 2381 1205 se
2445 1140 2756 1224 distingui
2815 1139 2920 1204 vel
2967 1157 3051 1204 ex

418 1229 787 1294 diversitate
853 1231 1327 1315 attributorum,
1398 1232 1501 1297 vel
1570 1250 1654 1296 ex
1722 1232 2094 1296 diversitate
2159 1229 2568 1294 affectionum
2639 1235 2788 1313 (per
2853 1227 3045 1311 Prop.

412 1319 701 1401 praeced.)
764 1317 833 1383 Si
892 1325 1144 1384 tantum
1207 1340 1291 1384 ex
1339 1320 1707 1386 diversitate
1752 1320 2230 1402 attributorum,
2274 1319 2659 1384 concedetur
2704 1337 2875 1402 ergo,
2919 1337 3052 1381 non

416 1407 555 1471 dari
621 1408 752 1472 nisi
821 1429 1016 1473 unam
1085 1411 1371 1493 ejusdem
1441 1410 1750 1475 attributi.
1816 1413 1907 1473 At
1970 1411 2027 1475 si
2073 1428 2157 1474 ex
2207 1409 2577 1474 diversitate
2624 1407 3053 1490 affectionum,

413 1516 562 1561 cum
612 1496 970 1562 substantia
1015 1499 1098 1562 sit
1142 1500 1319 1583 prior
1362 1502 1596 1564 natura
1641 1501 1779 1564 suis
1826 1498 2268 1564 affectionibus
2308 1500 2453 1582 (per
2489 1496 2680 1580 Prop.
2722 1497 2821 1578 1.),
2864 1496 3051 1580 depo-

415 1588 558 1651 sitis
619 1605 771 1671 ergo
816 1587 1280 1672 affectionibus,
1327 1592 1392 1652 et
1433 1590 1504 1652 in
1550 1607 1620 1654 se
1666 1588 2081 1671 considerata,
2128 1588 2249 1651 hoc
2294 1592 2391 1652 est
2437 1589 2583 1671 (per
2629 1583 2837 1668 Defin.
2887 1586 2947 1649 3.
2994 1589 3055 1650 et

415 1675 661 1741 Aoeiom.
691 1674 736 1756 1)
809 1677 888 1758 6.)
959 1695 1109 1742 vere
1169 1677 1586 1761 considerata,
1644 1697 1777 1741 non
1838 1680 2067 1761 poterit
2127 1678 2379 1760 concipi
2424 1676 2503 1741 ab
2554 1676 2677 1741 alia
2723 1676 3053 1760 distingui,

414 1766 536 1829 hoc
582 1770 678 1830 est
723 1768 874 1849 (per
915 1764 1108 1850 Prop.
1147 1765 1453 1851 ΨΜ),
1497 1787 1626 1832 non
1666 1772 1969 1851 poterunt
2010 1767 2146 1831 dari
2182 1768 2422 1851 plures,
2459 1766 2573 1831 sed
2612 1769 2864 1830 tantum
2901 1785 3056 1848 una,

422 1852 493 1932 Q.
540 1853 617 1917 Ε.
665 1851 749 1919 D.

1280 1942 1983 2010 PROPOSITIO
2072 1944 2188 2009 VI.

430 2140 439 2146 ⁶
512 2053 658 2121 Una
701 2055 1059 2122 substantia
1102 2076 1234 2122 non
1275 2063 1473 2143 potest
1510 2058 1778 2143 produci
1818 2057 1897 2123 ab
1943 2057 2077 2122 alia
2118 2057 2496 2123 substantia.

1378 2190 2098 2236 DEMONSTRATIQ

505 2270 583 2334 In
652 2291 870 2335 rerum
938 2277 1171 2337 natura
1228 2291 1362 2336 non
1406 2278 1682 2357 possunt
1729 2273 1868 2337 dari
1916 2272 2062 2336 duae
2112 2271 2489 2337 substantiae
2538 2272 2824 2355 ejusdem
2872 2272 3047 2335 attri-

417 2359 558 2424 buti
618 2362 769 2444 (per
812 2360 1006 2445 Prop.
1048 2361 1353 2445 praeced),
1400 2363 1520 2427 hoc
1566 2368 1664 2428 est
1709 2365 1857 2446 (per
1900 2360 2092 2445 Prop.
2139 2361 2241 2443 2.),
2288 2380 2435 2444 quae
2481 2361 2725 2446 aliquid
2770 2362 2938 2425 inter
2981 2378 3052 2425 se

417 2468 762 2515 commune
830 2449 1082 2515 habent.
1149 2451 1462 2535 Adeoque
1530 2456 1678 2536 (per
1735 2451 1933 2534 Prop.
1996 2450 2097 2534 3.),
2157 2471 2288 2514 una
2349 2450 2610 2516 alterius
2671 2470 2865 2516 causa
2911 2468 3052 2515 esse

415 2540 661 2622 nequit,
705 2541 846 2604 sive
891 2559 1021 2603 una
1066 2539 1146 2604 ab
1191 2541 1315 2605 alia
1358 2561 1491 2606 non
1537 2547 1747 2626 potest
1792 2540 2077 2625 produci.
2129 2538 2199 2619 Q.
2244 2538 2325 2604 E.
2373 2537 2457 2605 D.

1411 2673 2077 2719 GOROLLARIUE

503 2751 677 2817 Hinc
722 2756 1034 2838 sequitur,
1080 2755 1507 2820 substantiam
1554 2755 1633 2820 ab
1681 2757 1805 2821 alio
1844 2757 2112 2840 produci
2153 2774 2284 2819 non
2319 2773 2522 2839 posse.
2545 2753 2712 2819 Nam
2736 2757 2807 2818 in
2829 2773 3049 2819 rerum

417 2848 649 2907 natura
717 2844 879 2907 nihil
945 2845 1135 2909 datur
1193 2850 1428 2929 praeter
1488 2846 1882 2910 substantias
1932 2863 2282 2929 earumque
2327 2845 2712 2927 affectioneS,
2759 2849 2832 2908 ut
2878 2848 3051 2928 patet

416 2949 499 2995 ex
544 2931 789 2996 Axiam
832 2933 889 2997 1.
934 2937 995 2998 et
1038 2931 1246 3014 Defin.
1297 2934 1356 2998 3.
1402 2938 1461 2998 et
1506 2935 1564 2999 5.
1612 2935 1819 3018 Atqui
1865 2955 1902 2998 a
1947 2934 2308 3000 substantia
2353 2934 2623 3018 produci
2668 2953 2799 2998 non
2841 2938 3049 3017 potest

410 3023 560 3175 (τρεῖ
602 3021 1123 3189 Zraegdbl'rop.)
1181 3023 1354 3108 Ergo
1406 3023 1768 3089 substantia
1813 3024 2107 3089 absolute
2152 3023 2232 3087 ab
2278 3023 2403 3088 alio
2449 3024 2719 3108 produci
2764 3042 2895 3087 non
2941 3041 3049 3106 po-

443 3129 511 3175 es
665 3159 679 3174 .
792 3159 807 3175 .
922 3161 936 3175 .

1570 3201 1905 3268 Aliter.

498 3298 991 3367 Demonstratur
1052 3303 1172 3366 hoc
1228 3304 1420 3367 etiam
1459 3302 1716 3370 facilius
1763 3323 1849 3368 ex
1895 3303 2177 3368 absurdo
2224 3303 2733 3368 contradictorio.
2780 3302 2945 3367 Nam
2994 3306 3051 3368 si

409 3389 769 3455 substantia
815 3391 894 3455 ab
936 3392 1060 3456 alio
1106 3397 1324 3476 posset
1369 3393 1658 3476 produci,
1704 3395 1844 3477 ejus
1885 3395 2163 3478 cognitio
2203 3414 2240 3456 a
2280 3395 2646 3476 cognitione
2670 3412 2808 3458 suae
2834 3412 3050 3457 causae

411 3478 668 3634 degat-et
692 3481 1014 3634 tipendere
1082 3484 1232 3562 (per
1295 3480 1538 3547 Axiom.
1588 3483 1702 3564 4.);
1768 3483 2056 3567 adeoque
2117 3484 2264 3563 (per
2315 3480 2522 3563 Defin.
2575 3482 2657 3564 3.)
2704 3502 2835 3547 non
2882 3486 3052 3546 esset

421 3587 499 3633 su
545 3589 577 3634 s
605 3589 688 3634 an
743 3590 799 3634 a.

1272 3658 1975 3726 PROPOSITIO
2066 3659 2214 3725 VH.

491 3770 620 3836 ‘Aa
660 3775 966 3837 naturam
1011 3772 1377 3838 substantiae
1412 3774 1686 3855 pertinet
1728 3774 2003 3839 existere.

1376 3905 2093 3953 DEMONSTRATIQ

510 3986 882 4053 Substantia
946 4007 1077 4053 non
1138 3966 1345 4073 potest
1404 3990 1674 4074 produci
1733 3989 1814 4054 ab
1862 3990 1988 4053 alio
2033 3991 2182 4071 (per
2233 3985 2454 4053 Corolt.
2498 3986 2688 4072 Prop.
2730 3986 3048 4069 praeced.);

358 4124 365 4131 .
425 4077 544 4140 erit
607 4078 826 4161 itaque
894 4096 1094 4143 causa
1154 4080 1278 4161 sui,
1337 4078 1406 4142 id
1467 4084 1563 4144 est
1610 4081 1758 4160 (per
1802 4077 2012 4159 Defin.
2061 4077 2164 4160 1.),
2207 4078 2413 4161 ipsius
2459 4079 2737 4143 essentia
2780 4078 3055 4142 involvit

423 4169 783 4232 necessario
831 4168 1263 4251 existentiam,
1310 4169 1449 4233 sive
1494 4168 1573 4232 ad
1623 4170 1763 4252 eJus
1802 4174 2099 4233 naturam
2137 4168 2413 4251 pertinet
2453 4168 2747 4232 existere.
2777 4166 2844 4245 Q.
2867 4166 2947 4231 Ε.
2973 4165 3055 4230 D.

1262 4305 1966 4372 PROPOSITIO
2056 4305 2236 4369 VIII.

521 4413 738 4482 Omm's
773 4417 1135 4483 substantia
1175 4424 1268 4484 est
1311 4420 1665 4485 necessoerio
1705 4420 1977 4529 infimtfz.

1389 4551 2104 4599 nnmonsrRArIQ

511 4628 884 4696 Substantia
943 4634 1140 4697 unius
1203 4633 1495 4699 attributi
1555 4654 1686 4698 non
1734 4636 1864 4700 nisi
1908 4635 2099 4698 unica
2144 4634 2363 4698 existit
2409 4636 2558 4716 (per
2603 4630 2794 4713 Prop.
2843 4634 2946 4715 5.),
2990 4637 3055 4697 et

433 4718 514 4782 ad
559 4721 765 4803 ipsius
800 4726 1098 4787 naturam
1145 4723 1423 4806 pertinet
1460 4725 1737 4789 existere
1782 4727 1929 4805 (per
1972 4722 2163 4806 Prop.
2212 4721 2310 4803 7.).
2356 4721 2497 4787 Erit
2542 4741 2693 4807 ergo
2733 4722 2811 4787 de
2846 4723 3053 4806 ipsius

495 4926 551 4993 1)
589 4928 685 4980 Ed.
718 4929 838 4981 Pr.:
869 4944 974 4999 per
1004 4929 1184 4996 Defin.
1217 4932 1266 4983 3.
1303 4937 1357 4983 et
1393 4933 1443 4984 6.
1481 4931 1712 4984 Saisset:
1744 4931 1875 4998 Des.
1906 4934 1957 4984 3.
1988 4938 2041 4985 et
2072 4933 2123 4984 4.
