3609 5642
1597 562 1678 606 nn
1719 561 1857 605 nno.
2961 541 3040 603 15

408 736 522 810 est,
567 730 730 794 illud
776 732 1012 815 ipsum,
1060 728 1234 813 quod
1282 730 1627 793 essentiam
1673 727 1797 794 Dei
1842 729 2196 810 constituit,
2234 729 2566 792 constituit
2604 728 2797 791 simul
2835 727 3042 811 ipsius

408 821 838 904 existentiam,
882 819 1173 903 adeoque
1220 820 1359 882 haec
1405 825 1468 883 et
1503 820 1711 902 ipsius
1749 820 2030 883 essentia
2052 837 2259 881 unum
2284 824 2347 882 et
2367 818 2536 882 idem
2563 825 2730 882 sunt.
2759 815 2827 896 Q.
2857 815 2931 881 E.
2957 813 3041 881 D.

1337 950 1993 996 GOROLLARIUM
2079 950 2120 994 Ι.

499 1032 672 1097 Hinc
741 1035 1035 1117 sequitur
1099 1033 1197 1116 I⁰.,
1265 1031 1388 1096 Dei
1450 1033 1881 1114 existentiam,
1927 1032 2097 1095 sicut
2141 1032 2280 1114 ejus
2327 1032 2691 1113 essentiam,
2736 1035 3041 1095 aeternam

413 1141 557 1188 esse
609 1125 961 1187 veritatem.

1314 1229 1958 1274 cononnxnrun
2043 1228 2129 1275 IL

501 1310 807 1395 Sequitur
850 1309 983 1394 11⁰,
1027 1310 1257 1393 Deum,
1301 1312 1440 1375 sive
1487 1313 1701 1375 omnia
1746 1309 1867 1375 Dei
1914 1309 2222 1374 attributa
2247 1328 2387 1375 esse
2409 1309 2850 1374 immutabilia.
2874 1308 3039 1374 Nam

412 1402 471 1464 si
538 1402 783 1466 ratione
842 1403 1203 1465 existentiae
1262 1406 1686 1483 mutarentur,
1735 1400 2040 1464 deberent
2084 1401 2273 1463 etiam
2323 1405 2471 1483 (per
2516 1399 2715 1480 Prop.
2759 1399 3042 1480 praeced.)

409 1491 657 1554 ratione
700 1492 999 1556 essentiae
1045 1492 1302 1574 mutari,
1350 1491 1470 1554 hoc
1514 1495 1611 1554 est
1658 1493 1751 1572 (ut
1785 1509 1907 1573 per
1950 1509 2013 1553 se
2055 1494 2294 1568 notum)
2343 1508 2426 1553 ex
2473 1491 2642 1553 veris
2687 1489 2849 1552 falsa
2884 1488 3044 1572 fieri,

414 1579 590 1662 quod
636 1585 733 1645 est
778 1579 1146 1644 absurdum.

1232 1688 1941 1756 PROPOSITIO
2031 1689 2219 1756 XXI.

511 1790 757 1876 Omnia,
823 1813 965 1878 quoe
1030 1813 1107 1858 ex
1172 1791 1458 1857 absoluta
1527 1797 1767 1856 natura
1828 1792 2100 1875 alicujus
2158 1791 2447 1856 attributi
2504 1789 2629 1855 Dei
2672 1794 3046 1872 sequuntur,

412 1900 651 1965 semper
717 1885 776 1946 et
834 1882 1092 1962 infinita
1154 1883 1416 1947 mistero
1461 1880 1823 1964 debuerunt,
1866 1881 1992 1945 sive
2033 1901 2149 1962 per
2190 1880 2351 1945 idem
2394 1881 2764 1945 attributum
2809 1886 3047 1944 aeterna

413 1973 477 2034 et
523 1970 781 2052 infinita
825 1976 993 2037 sunt.

1367 2077 2091 2124 DnMoNsrnArro

507 2146 804 2233 Concipe,
850 2150 906 2213 si
949 2147 1089 2213 fieri
1133 2152 1343 2233 potest
1387 2150 1731 2232 (siquidem
1768 2151 2008 2232 neges),
2054 2148 2301 2232 aliquid
2345 2146 2413 2211 in
2460 2148 2676 2231 aliquo
2724 2144 2846 2211 Dei
2871 2148 3046 2210 attri-

419 2235 577 2300 buto
626 2256 710 2302 ex
752 2239 960 2322 ipsius
1006 2237 1299 2301 absoluta
1342 2243 1575 2303 natura
1620 2239 1825 2322 sequi,
1873 2237 2047 2321 quod
2068 2236 2325 2301 finitum
2353 2239 2455 2320 sit,
2477 2244 2539 2302 et
2562 2238 3046 2301 determinatam

421 2325 653 2391 habeat
711 2328 1120 2392 existentiam
1167 2328 1305 2391 sive
1351 2327 1774 2411 durationem,
1819 2345 1921 2392 ex.
1965 2346 2059 2410 gr.
2105 2325 2315 2390 ideam
2361 2324 2484 2390 Dei
2531 2329 2600 2390 in
2647 2327 3048 2409 cogitatione.

419 2414 510 2478 At
555 2417 875 2500 cogitati⁰‚
921 2415 1442 2500 quandoquidem
1488 2415 1611 2482 Dei
1656 2415 2040 2481 attributum
2097 2417 2500 2500 supponitur,
2545 2421 2642 2480 est
2686 2416 3047 2480 necessario

416 2506 568 2584 (per
635 2503 832 2590 Prop.
882 2505 1006 2586 11.)
1057 2509 1178 2570 sua
1223 2508 1456 2570 natura
1498 2505 1768 2570 infinita.
1813 2505 2079 2588 Verum,
2126 2510 2444 2588 quatenus
2489 2505 2629 2587 ipsa
2669 2503 2877 2568 ideam
2927 2501 3049 2568 Dei

418 2591 624 2677 habet,
688 2594 872 2661 finita
939 2596 1340 2679 supponitur.
1404 2595 1496 2658 At
1545 2598 1689 2679 (per
1733 2592 1940 2674 Defin.
1989 2594 2077 2678 2.)
2126 2593 2308 2658 finita
2351 2595 2602 2677 concipi
2645 2611 2779 2656 non
2824 2597 3048 2676 potest,

418 2684 548 2746 nisi
611 2701 727 2767 per
785 2688 990 2769 ipsam
1037 2686 1488 2769 cogitationem
1533 2684 2009 2749 determinetur.
2056 2683 2182 2749 Sed
2226 2702 2358 2747 non
2403 2702 2517 2766 per
2559 2685 2766 2767 ipsam
2813 2683 3047 2766 cogita-

416 2773 682 2856 tionem,
730 2778 1048 2857 quatenus
1093 2774 1302 2838 ideam
1351 2771 1473 2838 Dei
1519 2775 1886 2855 constituit3
1935 2778 2201 2838 eatenus
2248 2774 2420 2837 enim
2458 2772 2641 2837 finita
2664 2773 3049 2855 supponitur

419 2879 590 2925 esse:
637 2861 812 2946 Ergo
858 2881 969 2947 per
1013 2865 1483 2948 cogitationem,
1531 2869 1853 2947 quatenus
1897 2863 2106 2928 ideam
2154 2860 2276 2927 Dei
2323 2882 2455 2926 non
2503 2863 2869 2941 constituit3
2897 2880 3045 2945 quae

417 2953 631 3015 tamen
676 2956 822 3033 (per
865 2951 1061 3032 Prop.
1108 2951 1234 3032 11.)
1281 2955 1641 3017 necessario
1688 2954 1965 3017 existere
2011 2951 2230 3017 debet:
2280 2950 2487 3015 Datur
2523 2953 2724 3036 igitur
2746 2951 3046 3034 cogitatio

418 3058 553 3103 non
598 3044 997 3106 constituens
1040 3041 1251 3106 ideam
1297 3039 1437 3124 Dei,
1484 3061 1558 3105 ac
1603 3047 1938 3126 propterea
1983 3059 2068 3106 ex
2113 3043 2253 3125 ejus
2296 3046 2547 3122 natura,
2587 3044 2908 3124 quatenus
2946 3046 3043 3104 est

417 3127 712 3194 absoluta
772 3130 1086 3214 cogitati0‚
1132 3150 1265 3194 non
1310 3133 1606 3215 sequitur
1648 3131 2007 3196 necessario
2054 3130 2198 3195 idea
2242 3128 2379 3196 Dei.
2426 3129 2821 3213 (Concipitur
2867 3131 3044 3192 enim

418 3217 626 3282 ideam
672 3216 794 3284 Dei
839 3221 1255 3303 constituenS,
1300 3225 1364 3285 et
1408 3239 1539 3284 non
1586 3221 2027 3299 constituens.)
2069 3218 2256 3295 Quod
2278 3225 2376 3284 est
2398 3226 2620 3284 contra
2640 3218 3047 3303 hypothesin.

422 3304 634 3382 Quare
701 3310 757 3372 si
823 3308 968 3374 idea
1033 3306 1155 3373 Dei
1222 3312 1290 3372 in
1339 3311 1742 3393 cogitatione,
1788 3316 1902 3373 aut
1947 3310 2192 3393 aliquid
2242 3310 2527 3393 (perinde
2573 3313 2687 3391 est,
2733 3307 3047 3393 quicquid

419 3401 732 3479 sumatur,
802 3397 1323 3481 quandoquidem
1390 3399 1849 3464 demonstratio
1918 3398 2304 3463 universalis
2376 3403 2496 3477 est)
2540 3399 2610 3462 in
2657 3398 2876 3482 aliquo
2922 3395 3044 3461 Dei

417 3485 724 3550 attributo
792 3505 875 3552 ex
933 3490 1310 3552 necessitate
1357 3487 1668 3552 absolutae
1715 3493 1968 3552 naturae
2012 3489 2222 3572 ipsius
2268 3487 2560 3552 attributi
2609 3491 2935 3571 sequatur,
2980 3486 3047 3549 id

424 3573 611 3640 debet
655 3577 1017 3641 necessario
1063 3595 1204 3641 esse
1247 3577 1595 3641 infinitum.
1641 3576 1827 3653 Quod
1872 3582 2007 3641 erat
2052 3579 2354 3661 primum.

511 3662 761 3729 Deinde
803 3665 889 3747 id,
935 3665 1109 3749 quod
1155 3684 1238 3731 ex
1278 3669 1657 3732 necessitate
1702 3671 1953 3731 naturae
2000 3666 2275 3748 alicujus
2314 3665 2603 3730 attributi
2625 3667 2714 3729 ita
2736 3665 3050 3749 sequitur,

422 3771 556 3816 non
602 3758 811 3839 potest
856 3755 1335 3819 determinatam
1385 3755 1616 3820 habere
1655 3756 2077 3821 durationem.
2116 3755 2301 3837 Nam,
2326 3756 2383 3820 si
2407 3774 2623 3840 neges,
2647 3760 3049 3839 supponatur

417 3860 545 3924 ree,
612 3861 761 3926 quae
829 3863 913 3908 ex
980 3847 1359 3909 necessitate
1427 3851 1679 3910 naturae
1749 3845 2026 3927 alicujus
2096 3844 2387 3909 attributi
2435 3846 2747 3928 sequitur,
2796 3844 2932 3907 dari
2976 3846 3047 3907 in

420 3931 638 4015 aliquo
682 3930 805 3997 Dei
850 3932 1178 4016 attributO,
1226 3953 1329 3997 ex.
1375 3954 1468 4018 gr.
1514 3934 1659 3998 idea
1704 3932 1825 4000 Dei
1869 3935 1941 3998 in
1989 3935 2394 4018 cogitatione,
2416 3952 2621 4018 eaque
2645 3940 3048 4018 supponatur

420 4020 767 4104 aliquando
832 4034 964 4086 non
1011 4024 1356 4108 exstitisse,
1403 4024 1506 4088 vel
1550 4043 1681 4087 non
1728 4026 2062 4088 exstitura.
2111 4022 2272 4088 Cum
2320 4028 2536 4088 autem
2587 4025 2881 4108 cogitatio
2927 4020 3050 4086 Dei

423 4109 805 4175 attributum
873 4117 1289 4196 supponatur,
1359 4112 1547 4177 debet
1617 4118 1679 4177 et
1744 4113 2124 4196 necessarie,
2194 4120 2258 4177 et
2300 4113 2723 4177 immutabilis
2770 4114 3049 4177 existere

419 4203 573 4283 (per
636 4197 835 4284 Prop.
881 4200 964 4263 11
1012 4205 1071 4265 et
1121 4199 1343 4268 Coroll.
1390 4203 1451 4266 2.
1496 4199 1691 4282 Prop.
1738 4202 1883 4285 20.).
1933 4201 2145 4278 Quare
2191 4203 2363 4266 ultra
2408 4202 2644 4266 limites
2691 4202 3050 4266 durationis

422 4289 586 4353 ideae
634 4286 755 4354 Dei
801 4292 1212 4374 (supponitur
1258 4292 1431 4354 enim
1476 4291 1824 4375 aliquando
1871 4311 1997 4355 non
2040 4294 2386 4373 exstitisse,
2423 4297 2692 4355 autnon
2717 4292 3051 4371 exstitura)

423 4380 720 4462 cogitatio
788 4380 930 4443 sine
997 4380 1141 4443 idea
1208 4377 1330 4444 Dei
1375 4382 1653 4446 existere
1699 4379 1970 4445 debebit.
2018 4380 2224 4464 Atqui
2269 4381 2389 4444 hoc
2436 4385 2534 4445 est
2579 4386 2804 4445 contra
2847 4380 3051 4465 hypo-

420 4467 668 4547 thesin3
740 4470 1129 4552 supponitur
1195 4471 1390 4553 enim,
1451 4489 1535 4534 ex
1581 4469 1727 4533 data
1772 4471 2154 4554 cogitatione
2198 4472 2558 4534 necessario
2606 4472 2792 4554 sequi
2837 4470 3049 4534 ideam

421 4553 561 4620 Dei.
626 4556 799 4641 Ergo
863 4557 1009 4622 idea
1076 4556 1199 4622 Dei
1264 4560 1331 4622 in
1394 4559 1799 4642 cogitatione,
1867 4562 1981 4623 aut
2025 4558 2293 4643 aliquid,
2339 4559 2513 4643 quod
2559 4560 2921 4624 necessario
2968 4579 3054 4624 ex

419 4644 717 4710 absoluta
762 4651 995 4711 natura
1037 4648 1311 4730 alicujus
1357 4647 1652 4712 attributi
1684 4645 1806 4711 Dei
1847 4649 2161 4732 sequitur,
2181 4668 2313 4712 non
2335 4653 2543 4733 potest
2568 4649 3050 4713 determinatam

421 4733 656 4800 habere
700 4735 1137 4816 durationem3
1186 4737 1299 4802 sed
1343 4755 1458 4821 per
1499 4737 1670 4802 idem
1718 4737 2100 4802 attributum
2159 4743 2473 4803 aeternum
2522 4743 2637 4803 est.
2683 4737 2870 4814 Quod
2917 4742 3053 4803 erat

420 4824 800 4889 secundum.
867 4823 1054 4908 Nota,
1122 4827 1243 4891 hoc
1301 4826 1470 4890 idem
1517 4845 1658 4892 esse
1703 4826 2156 4891 affirmandum
2205 4828 2284 4892 de
2331 4847 2721 4912 quacunque
2763 4846 2852 4910 re,
2900 4847 3049 4911 quae

419 4913 488 4978 in
534 4914 754 5000 aliquo
799 4912 923 4980 Dei
969 4915 1278 4982 attributo
1325 4935 1410 4982 ex
1452 4914 1573 4980 Dei
1618 4915 1913 4982 absoluta
1957 4921 2189 4981 natura
2231 4918 2591 4983 necessario
2647 4919 2960 5001 sequitur.
