3609 5642
1367 514 1449 558 nn
1493 512 1823 558 simiarum
1867 513 2144 558 mnu.
2561 498 2564 501 ’
2935 493 3060 557 185

440 683 635 763 Prop.
684 682 785 746 13.
816 702 885 766 p.
935 681 1039 763 2.).
1104 679 1275 765 Ergo
1338 700 1482 765 quae
1530 679 1835 763 efficiunt,
1878 684 1953 744 ιιι
1997 679 2208 744 motiis
2254 683 2316 743 et
2362 679 2594 763 quietis
2639 681 2819 761 rati0,
2866 699 3059 763 quam

447 770 745 856 Corporis
790 771 1056 835 humani
1100 775 1311 854 partes
1357 770 1437 833 ad
1481 770 1757 833 invicem
1804 768 2058 851 habent,
2095 773 2526 850 conservetur,
2549 766 2766 831 eadem
2790 768 3060 832 humani

443 860 744 945 Corporis
786 860 1057 924 formam
1106 863 1505 942 conservant,
1550 864 1613 924 et
1657 863 2126 942 consequenter
2169 856 2456 921 efficiunt
2499 861 2649 940 (per
2693 854 2864 921 Post.
2912 857 2971 920 3.
3006 861 3064 920 et

446 950 504 1013 6.
550 969 611 1033 p.
658 950 761 1032 2.),
808 953 879 1013 ιιι
925 947 1171 1032 Corpus
1217 949 1576 1012 humanum
1621 947 1842 1011 multis
1892 947 2097 1011 modis
2143 945 2327 1027 affici,
2373 950 2435 1010 et
2480 949 2554 1010 ut
2589 945 2757 1009 idem
2798 965 3062 1029 corpora

442 1044 708 1105 externa
776 1038 998 1103 multis
1058 1036 1264 1101 modis
1324 1036 1576 1102 afficere
1620 1038 1837 1120 possit,
1882 1036 2169 1120 adeoque
2216 1038 2363 1118 (per
2406 1033 2601 1118 Prop.
2642 1037 2850 1118 praec.)
2895 1033 3061 1098 bona

444 1133 615 1192 sunt.
682 1125 949 1208 Deinde,
1018 1146 1162 1209 quae
1219 1124 1523 1209 efficiunt,
1583 1130 1658 1190 ιιι
1703 1123 1997 1210 Corporis
2042 1125 2309 1188 humani
2355 1129 2566 1207 partes
2612 1123 2801 1186 aliam
2848 1124 3061 1187 motiis

442 1223 506 1282 et
554 1218 788 1300 quietis
833 1217 1146 1280 rationem
1192 1214 1535 1296 obtineant,
1581 1214 1796 1279 eadem
1840 1217 1988 1298 (per
2025 1213 2285 1279 eandem
2320 1210 2529 1293 Defin.
2550 1231 2613 1296 p.
2638 1211 2720 1293 2.)
2757 1210 3062 1293 efficiunt,

442 1311 518 1370 ut
578 1303 824 1388 Corpus
884 1305 1241 1369 humanum
1289 1304 1475 1368 aliam
1521 1303 1787 1368 formam
1833 1303 2078 1385 induat,
2122 1303 2243 1366 hoc
2290 1306 2388 1367 est
2433 1301 2530 1382 (ut
2569 1319 2681 1385 per
2723 1320 2788 1365 se
2831 1305 3065 1384 notum,

440 1400 501 1459 et
566 1394 637 1458 in
701 1394 829 1474 fine
893 1391 1294 1477 praefationis
1358 1391 1550 1476 hujus
1607 1392 1816 1477 partis
1859 1391 2248 1474 monuimus),
2293 1395 2367 1455 ιιι
2414 1388 2660 1473 Corpus
2705 1390 3060 1454 humanum
3171 1474 3174 1478 .

442 1485 829 1565 destruatur,
897 1488 961 1547 et
1027 1486 1493 1565 consequenter
1560 1486 1634 1546 ut
1700 1483 1962 1545 omnino
2023 1482 2319 1564 ineptum
2365 1479 2687 1560 reddatur,
2733 1498 2816 1543 ne
2859 1480 3064 1563 possit

440 1572 738 1658 pluribus
784 1572 989 1636 modis
1035 1570 1222 1654 affici,
1269 1590 1343 1634 ac
1386 1570 1652 1656 proinde
1702 1571 1852 1654 (per
1888 1567 2087 1653 Prop.
2122 1569 2330 1653 proec.)
2370 1568 2537 1632 mala
2574 1571 2743 1633 sunt.
2786 1566 2854 1647 Q.
2876 1566 2954 1631 E.
2979 1565 3062 1632 D.

1516 1703 1988 1749 SCHOLIUM.

533 1783 861 1861 Quantum
923 1785 1059 1847 haec
1116 1782 1319 1848 Menti
1366 1784 1589 1850 obesse
1632 1784 1734 1849 vel
1780 1783 2082 1867 prodesse
2133 1785 2423 1866 possunt,
2468 1783 2539 1844 in
2586 1778 2826 1856 Quinta
2870 1779 3062 1845 Parte

442 1872 886 1958 explicabitur.
934 1872 1060 1939 Sed
1104 1874 1207 1936 hic
1251 1873 1623 1955 notandum,
1671 1872 1844 1956 quod
1892 1871 2141 1956 Corpus
2177 1876 2317 1935 tum
2355 1875 2623 1935 mortem
2662 1869 2839 1934 obire
2874 1869 3062 1934 intel-

442 1963 657 2047 ligam,
719 1962 976 2046 quando
1038 1962 1177 2044 ejus
1222 1967 1432 2045 partes
1477 1964 1565 2026 ita
1610 1962 2061 2045 disponuntur,
2106 1963 2179 2024 ut
2224 1960 2411 2024 aliam
2460 1963 2673 2023 motus
2720 1963 2784 2023 et
2829 1958 3062 2042 quietis

441 2053 754 2116 rationem
800 2051 881 2115 ad
924 2052 1205 2115 invicem
1252 2050 1592 2115 obtineant.
1637 2049 1800 2114 Nam
1849 2067 2083 2134 negare
2120 2067 2252 2112 non
2291 2049 2517 2131 audeo,
2555 2045 2801 2131 Corpus
2838 2048 3062 2111 huma-

441 2160 621 2223 num,
667 2145 911 2204 retenta
956 2140 1291 2223 sanguinis
1337 2139 1769 2221 circulatione,
1808 2143 1871 2202 et
1909 2139 2070 2221 aliis,
2107 2142 2363 2222 propter
2402 2156 2550 2222 quae
2575 2135 2820 2221 Corpus
2844 2138 3062 2201 vivere

441 2231 869 2312 existimatur,
913 2247 1102 2313 posse
1146 2228 1565 2293 nihilominus
1608 2230 1678 2291 in
1724 2229 1915 2292 aliam
1961 2231 2256 2291 naturam
2302 2247 2342 2291 a
2385 2247 2504 2292 sua
2546 2245 2813 2311 prorsus
2853 2225 3057 2290 diver—

441 2339 580 2384 sam
649 2319 899 2383 mutari.
943 2316 1110 2382 Nam
1156 2317 1337 2381 nulla
1381 2319 1543 2382 ratio
1590 2335 1691 2382 me
1737 2318 1926 2400 cogit,
1972 2320 2046 2380 ut
2089 2319 2365 2380 statuam
2410 2314 2657 2399 Corpus
2702 2333 2835 2378 non
2878 2316 3065 2397 mori,

443 2410 573 2472 nisi
627 2411 911 2472 mutetur
952 2408 1022 2469 in
1069 2405 1372 2487 cadaver3
1421 2408 1581 2490 quin
1626 2408 1766 2491 ipsa
1812 2405 2206 2490 experientia
2251 2403 2429 2468 aliud
2475 2403 2744 2470 suadere
2789 2403 3062 2467 videtur.

439 2496 544 2562 Fit
585 2514 868 2581 namque
912 2494 1276 2579 aliquando,
1319 2500 1394 2559 ut
1437 2497 1627 2559 homo
1670 2495 1831 2560 tales
1875 2495 2152 2579 patiatur
2200 2494 2602 2573 mutationes,
2626 2497 2852 2556 utnon
2874 2491 3060 2557 facile

441 2585 720 2651 eundem
784 2585 973 2649 illum
1040 2602 1181 2649 esse
1248 2583 1554 2664 dixerim3
1622 2588 1695 2648 ut
1754 2584 1836 2649 de
1897 2583 2177 2668 quodam
2219 2581 2511 2666 Hispano
2555 2580 2752 2645 Poeta
2797 2599 3059 2646 narrare

439 2675 679 2757 audivi,
746 2675 859 2757 qui
928 2671 1149 2738 morbo
1218 2677 1548 2757 correptus
1612 2672 1840 2754 fuerat,
1908 2678 1970 2738 et
2040 2673 2337 2755 quamvis
2397 2689 2481 2735 ex
2523 2687 2598 2734 eo
2644 2669 3062 2754 convaluerit,

439 2764 680 2828 mansit
745 2767 957 2828 tamen
1018 2763 1353 2846 praeteritae
1414 2782 1549 2828 suae
1596 2763 1741 2826 vitae
1784 2768 1915 2827 tam
1962 2759 2217 2843 oblitus,
2262 2764 2335 2824 ut
2380 2757 2658 2823 Fabulas
2702 2762 2764 2822 et
2805 2758 3061 2843 Tragoe-

441 2852 601 2935 dias,
647 2871 807 2936 quas
852 2851 1102 2934 fecerat,
1147 2870 1298 2916 suas
1342 2870 1474 2915 non
1519 2850 1857 2916 crediderit
1903 2868 2074 2931 esse;
2124 2853 2187 2914 et
2232 2866 2386 2913 sane
2425 2867 2538 2932 pro
2574 2846 2819 2914 infante
2841 2846 3060 2912 adulto

439 2941 663 3005 haberi
722 2941 1049 3024 potuisset,
1095 2941 1152 3004 si
1206 2940 1565 3005 vernaculae
1611 2942 1801 3005 etiam
1849 2940 2087 3022 linguae
2133 2937 2364 3003 fuisset
2408 2936 2662 3001 oblitus.
2707 2936 2792 3000 Et
2837 2936 2893 3001 si
2938 2936 3060 3000 hoc

437 3029 813 3096 incredibile
878 3029 1152 3111 videtur,
1220 3030 1375 3113 quid
1443 3030 1523 3094 de
1588 3028 1944 3093 infantibus
2013 3028 2302 3093 dicemus
2319 3026 2351 3089 Ρ
2415 3024 2699 3102 Quorum
2761 3030 3057 3090 naturam

438 3121 633 3184 homo
701 3123 1014 3203 provectae
1075 3119 1277 3183 aetatis
1335 3139 1372 3183 a
1418 3138 1537 3183 sua
1582 3121 1711 3182 tam
1760 3118 2076 3182 diversam
2124 3135 2264 3182 esse
2309 3115 2528 3198 credit,
2575 3118 2646 3179 ut
2689 3114 3058 3198 persuaderi

437 3228 573 3273 non
640 3211 871 3291 posset,
933 3225 1002 3272 se
1065 3226 1349 3290 unquam
1394 3207 1702 3273 infantem
1746 3205 1967 3287 fuisse,
2009 3206 2139 3270 nisi
2183 3224 2266 3271 ex
2310 3205 2452 3269 aliis
2500 3204 2578 3269 de
2622 3221 2691 3268 se
2736 3205 3056 3286 conjectu-

437 3318 576 3362 ram
619 3297 870 3363 faceret.
916 3295 1042 3361 Sed
1087 3314 1169 3360 ne
1216 3298 1672 3380 superstitiosis
1716 3296 2045 3360 materiam
2092 3294 2491 3379 suppeditem
2530 3292 2830 3357 movendi
2853 3311 3056 3357 novas

442 3389 849 3472 quaestiones,
895 3387 1062 3450 malo
1108 3385 1245 3449 haec
1289 3388 1357 3449 in
1404 3386 1614 3451 medio
1660 3386 2041 3469 relinquere.

1297 3545 1993 3612 PROPOSITIO
2085 3543 2221 3610 XL.

533 3663 686 3743 Quoe
729 3662 818 3727 ad
860 3661 1174 3727 hominum
1216 3680 1594 3726 communem
1630 3660 1989 3726 Societatem
2028 3660 2394 3742 conducunt,
2430 3657 2555 3723 sive
2591 3677 2733 3744 quae
2752 3656 3061 3741 efficiunt,

440 3757 514 3818 at
582 3752 852 3817 homines
916 3751 1299 3816 concorditer
1363 3751 1596 3833 vivant,
1657 3750 1846 3815 utilia
1908 3754 2076 3832 sunt,
2142 3754 2200 3813 et
2256 3747 2372 3812 illa
2430 3752 2644 3812 contra
2691 3746 2874 3831 mala,
2919 3766 3063 3833 quae

341 3921 356 3938 .
441 3842 814 3908 discordiam
857 3841 931 3905 in
980 3839 1305 3907 Civitatem
1348 3840 1668 3905 inducunt.

1400 3970 2111 4018 DEMONSTRATIQ

526 4056 693 4120 Nam
765 4075 908 4140 quae
968 4053 1272 4136 efficiunt,
1320 4058 1393 4142 ιιι
1451 4054 1743 4118 homines
1788 4052 2186 4117 concorditer
2230 4052 2470 4134 vivant,
2515 4051 2705 4116 simul
2756 4049 3062 4131 efficiunt,

443 4151 519 4210 ut
585 4164 669 4209 ex
736 4145 936 4209 ductu
996 4142 1287 4208 Rationis
1346 4144 1566 4207 vivant
1604 4147 1755 4225 (per
1799 4140 1994 4225 Prop.
2043 4141 2148 4204 35.
2194 4139 2425 4223 hujus),
2470 4144 2665 4224 atque
2709 4138 2866 4204 adeo
2912 4143 3063 4222 (per

441 4233 636 4319 Prop.
684 4234 789 4298 26.
834 4236 894 4299 et
938 4231 1042 4296 27.
1090 4231 1304 4313 hujus)
1348 4231 1516 4296 bona
1562 4236 1731 4314 sunt,
1778 4235 1842 4295 et
1886 4235 2038 4315 (per
2075 4229 2333 4295 eandem
2356 4229 2684 4307 rationem)
2705 4228 2817 4292 illa
2841 4231 3062 4292 contra

444 4324 613 4389 mala
657 4327 828 4406 sunt,
877 4342 1022 4407 quae
1068 4321 1418 4387 discordias
1464 4321 1804 4385 concitant.
1854 4319 1922 4400 Q.
1970 4317 2045 4383 E.
2092 4316 2176 4382 D.

1276 4468 1972 4536 PROPOSITIO
2063 4467 2235 4533 XLI.

532 4585 789 4652 Laetitia
832 4585 1060 4651 directe
1103 4585 1273 4650 mala
1316 4603 1443 4649 non
1487 4588 1599 4667 est,
1643 4582 1753 4648 sed
1785 4582 1949 4648 horta
1961 4603 1985 4662 ,·
2019 4580 2316 4648 Tristitia
2351 4584 2561 4647 autem
2597 4583 2814 4645 contra
2835 4578 3064 4644 directe

443 4682 536 4742 est
577 4674 764 4740 mala.

1401 4780 2111 4827 ΒΕΜοΝεΤΒΑΤῙα

538 4864 787 4930 Laetitia
854 4868 1006 4948 (per
1046 4862 1241 4947 Prop.
1290 4863 1391 4927 11.
1434 4882 1497 4947 p.
1546 4863 1603 4926 3.
1650 4881 1790 4926 cum
1834 4861 2111 4945 ejusdem
2154 4858 2373 4939 Schol.)
2441 4865 2538 4927 est
2598 4858 2877 4942 affectus,
2935 4875 3063 4940 quo
