3609 5642
609 504 737 568 144
1620 521 1871 569 umens
1915 522 2070 570 mins
2110 522 2198 568 ιν.

1674 709 2143 756 sonon1un.

685 789 892 872 Vana,
959 807 1107 873 quse
1175 789 1427 870 dicitur,
1496 788 1714 855 Gloria
1773 794 1872 856 est
1930 793 2403 876 acquiescentia
2446 791 2516 855 in
2562 808 2632 856 se
2675 792 2836 875 ipsc,
2882 809 3027 873 quoe
3075 787 3212 853 sola

599 880 779 965 vulgi
837 878 1138 964 opinione
1197 877 1480 957 fovetur3
1530 897 1733 963 eaque
1777 886 2086 963 cessante,
2130 885 2338 945 cessat
2381 882 2520 965 ipsa
2563 881 3051 964 acquiescent-ia,
3095 878 3216 941 hoc

598 975 696 1034 est
751 971 905 1053 (per
949 965 1144 1032 Schol.
1190 966 1383 1052 Prop.
1431 966 1538 1030 52.
1577 967 1795 1052 hujus)
1855 988 2184 1034 summum
2235 969 2498 1053 bonum,
2544 969 2718 1054 quod
2766 970 3217 1052 unusquisque

599 1063 804 1138 amat3
853 1056 1027 1122 unde
1069 1055 1160 1140 fit,
1205 1061 1279 1120 ut
1324 1057 1439 1140 qui
1483 1056 1663 1143 vulgi
1702 1059 2005 1143 opinione
2041 1060 2370 1143 gloriatur,
2393 1059 2766 1143 quotidiana
2802 1078 2956 1123 cura
2980 1058 3215 1121 anxius
3301 1089 3311 1101 ·

599 1148 861 1230 nitatur,
925 1144 1135 1228 faciat,
1202 1146 1589 1229 experiatur,
1658 1152 1734 1211 ut
1798 1146 2034 1212 famam
2102 1153 2450 1213 conservet.
2496 1147 2613 1213 Est
2657 1164 2938 1231 namque
2982 1144 3220 1228 vulgus

600 1237 819 1300 varius
863 1237 928 1299 et
970 1236 1363 1317 inconstans,
1406 1237 1599 1317 atque
1642 1233 1819 1318 adeo,
1865 1237 1992 1301 nisi
2037 1240 2454 1303 conservetur
2487 1235 2678 1319 fama,
2715 1237 2841 1301 cito
2878 1234 3217 1314 abolescit3

598 1327 731 1390 imo
799 1324 953 1408 quia
1018 1341 1241 1389 omnes
1284 1323 1466 1406 vulgi
1509 1328 1765 1408 captare
1811 1325 2161 1410 applausus
2204 1327 2493 1410 cupiunt,
2535 1324 2723 1391 facile
2766 1325 3221 1407 unusquisque

601 1413 864 1478 alterius
929 1411 1163 1476 famam
1231 1412 1551 1497 reprimit3
1620 1431 1706 1477 ex
1776 1432 1926 1497 quo,
1995 1413 2515 1499 quandoquidem
2583 1415 2664 1480 de
2722 1431 2996 1495 summo,
3043 1410 3220 1496 quod

603 1503 975 1583 aestimatur,
1039 1500 1208 1565 bono
1275 1504 1572 1584 certatur,
1616 1503 1850 1586 ingens
1892 1502 2094 1568 libido
2139 1504 2345 1569 oritur
2390 1522 2461 1570 se
2502 1505 2780 1584 invicem
2828 1518 3222 1586 quocunque

602 1590 790 1657 modo
857 1588 1278 1675 opprimendi,
1323 1594 1386 1654 et
1431 1590 1548 1673 qui
1589 1591 1849 1656 tandem
1893 1593 2100 1657 victor
2143 1593 2377 1675 evadit,
2419 1593 2732 1678 gloriatur
2775 1592 2999 1676 magis,
3047 1588 3221 1675 quod

600 1681 785 1745 alteri
852 1677 1076 1763 obfuit,
1142 1697 1338 1762 quam
1406 1678 1581 1762 quod
1647 1679 1773 1745 sibi
1839 1680 2095 1764 profuit.
2163 1680 2283 1748 Est
2345 1683 2546 1767 igitur
2612 1682 2749 1746 haec
2819 1679 3039 1745 Gloria
3105 1697 3222 1744 seu

604 1769 1080 1853 acquiescentia
1121 1786 1344 1833 revera
1388 1766 1589 1849 Vana,
1636 1770 1791 1853 quia
1836 1769 2016 1835 nulla
2059 1774 2173 1835 est.

691 1856 852 1934 Quae
919 1856 999 1922 de
1064 1855 1319 1921 Pudore
1385 1855 1667 1923 notanda
1733 1862 1909 1942 sunt,
1975 1858 2370 1944 colliguntur
2429 1858 2617 1924 facile
2675 1877 2759 1924 ex
2803 1858 2904 1941 iis,
2949 1875 3099 1941 quse
3144 1853 3222 1920 de

601 1945 1040 2012 Misericordia
1097 1950 1160 2011 et
1201 1943 1592 2011 Poenitentia
1635 1946 1938 2012 diximus.
1984 1947 2128 2012 Hoc
2170 1953 2423 2014 tantum
2472 1948 2657 2030 addo,
2701 1947 2873 2031 quod
2919 1951 2995 2011 ut
3037 1944 3220 2009 Com-

602 2035 942 2118 miseratio,
998 2035 1092 2099 sic
1152 2035 1343 2099 etiam
1389 2034 1626 2120 Pudor,
1671 2038 1970 2120 quamvis
2015 2056 2148 2102 non
2195 2038 2280 2103 sit
2323 2039 2550 2121 virtus,
2594 2036 2804 2102 bonus
2844 2040 3063 2100 tamen
3108 2037 3224 2117 est,

606 2129 927 2208 quatenus
992 2123 1250 2201 indicat,
1309 2124 1573 2205 homini,
1632 2126 1748 2208 qui
1793 2124 2051 2191 Pudore
2095 2126 2506 2209 suffunditur,
2550 2125 2964 2210 cupiditatem
3007 2125 3223 2188 inesse

602 2215 868 2280 honeste
909 2213 1204 2293 vivendi3
1252 2213 1422 2278 sicut
1465 2213 1665 2296 dolor,
1709 2216 1825 2299 qui
1870 2220 2136 2280 eatenus
2173 2215 2383 2281 bonus
2422 2215 2675 2298 dicitur,
2699 2217 3020 2299 quatenus
3054 2212 3222 2276 indi-

603 2307 721 2386 cat,
787 2306 1029 2387 partem
1097 2302 1314 2367 laesam
1373 2302 1660 2367 nondum
1722 2322 1866 2369 esse
1909 2303 2364 2388 putrefactam3
2413 2323 2628 2388 quare,
2673 2304 2970 2388 quamvis
3014 2303 3224 2382 homo,

605 2410 799 2476 quem
857 2390 1010 2455 facti
1068 2391 1344 2475 alicujus
1401 2391 1616 2475 pudet,
1660 2410 1886 2457 revera
1932 2395 2016 2458 sit
2062 2395 2281 2477 tristis,
2326 2399 2424 2460 est
2467 2398 2681 2458 tamen
2725 2392 3066 2478 perfectior
3109 2392 3224 2453 im-

603 2480 894 2567 pudenti,
940 2481 1055 2564 qui
1101 2479 1345 2544 nullam
1390 2479 1581 2545 habet
1625 2481 1892 2547 honeste
1938 2482 2198 2548 vivendi
2241 2483 2673 2567 cupiditatem.

693 2572 913 2653 Atque
957 2569 1096 2633 haec
1140 2573 1313 2650 sunt,
1359 2588 1505 2652 quae
1550 2569 1631 2634 de
1674 2569 2007 2636 affectibus
2045 2569 2314 2636 Laetitiae
2351 2576 2416 2638 et
2447 2570 2743 2636 Tristities
2764 2573 2989 2635 notare
3010 2586 3227 2633 susce-

604 2676 842 2743 peram.
911 2657 1017 2722 Ad
1084 2656 1479 2743 cupiditates
1541 2660 1714 2743 quod
1773 2660 2016 2742 attinet,
2069 2661 2171 2726 hae
2231 2680 2388 2726 sane
2432 2660 2619 2726 bonae
2663 2665 2777 2725 aut
2822 2658 3010 2723 malae
3056 2661 3226 2738 sunt,

606 2752 927 2832 quatenus
993 2764 1078 2811 ex
1144 2745 1332 2811 bonis
1400 2751 1511 2812 aut
1570 2749 1757 2813 malis
1803 2748 2136 2815 affectibus
2183 2752 2498 2815 oriuntur.
2545 2749 2671 2815 Sed
2717 2766 2940 2814 omnes
2987 2765 3226 2827 revera,

606 2842 928 2920 quatenus
994 2853 1080 2899 ex
1146 2834 1496 2918 affectibus,
1566 2839 1679 2921 qui
1747 2839 2077 2921 passiones
2146 2845 2318 2921 sunt,
2375 2840 2447 2904 in
2504 2839 2694 2904 nobis
2751 2840 3225 2923 ingenerantur,

605 2943 800 2991 coecae
869 2928 1024 2989 sunt
1082 2928 1176 3003 (ut
1234 2922 1420 3007 facile
1475 2924 1784 3010 colliqitur
1844 2946 1922 2991 ex
1965 2928 2062 3010 iis,
2106 2948 2250 3015 quoe
2291 2928 2360 2993 in
2404 2926 2599 2993 Schol.
2646 2928 2837 3011 Prop.
2882 2925 2988 2990 44.
3035 2924 3226 3009 hujus

604 3014 922 3095 diximus),
989 3031 1110 3077 nec
1176 3012 1377 3077 ullius
1437 3033 1597 3080 usus
1656 3021 1890 3097 essent,
1950 3019 2009 3081 si
2066 3018 2358 3083 homines
2400 3017 2588 3082 facile
2634 3016 2785 3081 duci
2826 3018 3111 3100 possent,
3155 3017 3226 3077 ut

607 3121 691 3168 ex
735 3103 871 3168 solo
915 3100 1204 3167 Rationis
1251 3102 1594 3169 dictamine
1641 3106 1951 3189 viverent,
1999 3109 2073 3170 ut
2110 3107 2245 3189 jam
2289 3107 2513 3191 paucis
2560 3105 2909 3171 ostendam.

1444 3263 2142 3331 PROPOSITIO
2231 3265 2403 3331 LIX.

693 3401 805 3468 Ad
845 3421 1057 3468 omnes
1098 3402 1384 3488 actiones,
1429 3402 1517 3467 ad
1554 3422 1719 3490 quas
1753 3423 1831 3469 ex
1866 3403 2136 3488 affectu,
2179 3402 2292 3489 qui
2329 3404 2542 3489 passio
2578 3409 2687 3487 est,
2721 3402 3232 3484 determinamur,

603 3510 934 3576 possumus
975 3492 1209 3578 absque
1249 3510 1318 3558 eo
1359 3512 1400 3556 a
1444 3490 1713 3558 Ratione
1757 3492 2183 3558 determinari.

1563 3624 2280 3671 DEMONSTRATIO.

695 3705 801 3770 Ex
859 3704 1129 3772 Ratione
1190 3724 1379 3792 agere
1440 3706 1600 3771 nihil
1649 3707 1827 3772 aliud
1872 3709 1972 3772 est
2015 3712 2166 3791 (per
2210 3706 2402 3790 Prop.
2449 3706 2509 3770 3.
2554 3711 2614 3772 et
2657 3705 2869 3789 Defin.
2915 3705 2976 3769 2.
3020 3724 3084 3789 p.
3129 3703 3231 3786 3.),

610 3814 804 3879 quam
875 3812 951 3859 ea
1008 3813 1212 3881 agere,
1258 3814 1406 3880 quae
1466 3813 1551 3861 ex
1595 3796 1975 3862 necessitate
2021 3800 2260 3861 nostrae
2306 3801 2574 3878 naturae,
2619 3798 2688 3860 in
2726 3814 2798 3861 se
2842 3795 2980 3861 sola
3024 3794 3230 3859 consi·

609 3884 865 3966 deratae,
909 3889 1291 3968 sequuntur.
1337 3885 1425 3969 At
1469 3884 1753 3949 Tristitia
1796 3889 2061 3951 eatenus
2107 3884 2275 3949 mala
2312 3889 2426 3968 est,
2465 3889 2787 3969 quatenus
2809 3886 2977 3949 hanc
3000 3882 3232 3968 agendi

609 3975 957 4057 potentiam
1027 3975 1262 4038 minuit
1330 3973 1433 4037 vel
1500 3976 1748 4040 coercet
1816 3977 1964 4057 (per
2023 3973 2216 4057 Prop.
2271 3973 2375 4038 41.
2419 3971 2666 4058 hujus);
2737 3992 2889 4059 ergo
2958 3992 3043 4037 ex
3111 3973 3230 4035 hoc

610 4061 841 4127 affectu
908 4060 989 4126 ad
1056 4062 1299 4126 nullam
1361 4064 1676 4127 actionem
1732 4082 2081 4148 possumus
2128 4063 2554 4146 determinari,
2600 4082 2796 4148 quam
2842 4080 2973 4126 non
3017 4079 3233 4144 posse-

609 4170 757 4216 mus
824 4169 1030 4235 agere,
1096 4152 1152 4216 si
1211 4150 1483 4216 Ratione
1543 4151 1941 4217 duceremur.
2001 4151 2318 4217 Praeterea
2374 4151 2624 4217 Laetitia
2667 4156 2934 4217 eatenus
2979 4155 3230 4214 tantum

610 4240 782 4304 mala
846 4244 961 4323 est,
1023 4243 1341 4323 quatenus
1400 4240 1683 4324 impedit,
1745 4260 1875 4325 quo
1923 4243 2141 4305 minus
2186 4241 2376 4306 homo
2420 4241 2498 4305 ad
2546 4238 2866 4326 agendum
2913 4240 3000 4305 sit
3043 4243 3232 4323 aptus

612 4333 765 4412 (per
806 4327 998 4412 Prop.
1050 4327 1153 4391 41.
1198 4332 1257 4393 et
1301 4328 1405 4393 43.
1450 4328 1699 4410 huius);
1774 4334 1970 4413 atque
2037 4329 2195 4394 adeo
2266 4334 2531 4395 eatenus
2591 4330 2782 4395 etiam
2844 4328 2926 4393 ad
2986 4328 3232 4392 nullam

612 4419 926 4483 actionem
969 4417 1377 4483 determinari
1421 4436 1789 4502 possumus,
1837 4438 2031 4501 quam
2077 4437 2210 4482 non
2252 4437 2588 4503 possemus
2623 4436 2827 4503 agere,
2865 4419 2923 4482 si
2963 4415 3235 4481 Ratione

613 4507 1010 4571 duceremur.
1077 4504 1377 4591 Denique
1422 4510 1740 4590 quatenus
1784 4505 2038 4571 Laetitia
2083 4505 2251 4571 bona
2295 4512 2410 4591 est,
2456 4512 2721 4573 eatenus
2766 4526 2915 4571 cum
2959 4504 3234 4571 Ratione

611 4596 915 4660 convenit
980 4596 1294 4675 (consistit
1337 4597 1509 4661 enim
1554 4597 1625 4659 in
1670 4614 1764 4678 eo,
1812 4595 1986 4679 quod
2030 4596 2309 4661 hominis
2355 4595 2586 4681 agendi
2629 4597 2915 4681 potentia
2960 4599 3235 4679 augetur

613 4685 718 4750 vel
778 4683 1099 4767 juvatur);
1170 4702 1289 4749 nec
1345 4685 1561 4769 passio
1622 4688 1736 4768 est,
1796 4686 1927 4749 nisi
1988 4687 2307 4769 quatenus
2352 4684 2631 4750 hominis
2675 4684 2907 4770 agendi
2950 4684 3237 4770 potentia

613 4792 745 4837 non
792 4791 868 4838 eo
913 4792 1124 4856 usque
1167 4776 1457 4857 augetur,
1503 4778 1579 4837 ut
1621 4791 1692 4838 se
1737 4792 2019 4856 suasque
2061 4775 2343 4839 actiones
2380 4774 2710 4857 adaequate
2747 4774 3068 4858 concipiat
3090 4776 3237 4859 (per

618 4859 813 4945 Prop.
862 4860 920 4926 3.
965 4880 1027 4946 p.
1073 4860 1134 4925 3.
1177 4881 1320 4927 cum
1362 4862 1501 4944 eJ‘us
1546 4858 1800 4945 Schol.);
1869 4860 2081 4938 Quare
2143 4863 2204 4927 si
2271 4863 2462 4929 homo
2527 4861 2776 4927 Laetitia
2831 4862 3099 4928 aflectus
3158 4861 3236 4927 ad
