3609 5642
1564 557 1646 602 nn
1688 557 1828 603 nno.
2911 538 2994 602 19

372 729 488 807 est,
532 730 607 789 ut
652 744 723 791 se
764 726 941 810 ipsos
985 724 1443 806 determinent;
1492 730 1556 790 et
1599 729 1821 791 contra
1864 730 2019 805 (per
2063 725 2260 809 Prop.
2305 724 2435 803 27.)
2472 726 2529 789 si
2563 744 2601 788 a
2624 721 2762 789 Deo
2787 723 2993 789 deter-

373 814 599 878 minati
645 815 793 897 sint,
837 813 1252 899 impossibile,
1297 833 1427 878 non
1478 833 1627 880 vero
1675 817 2057 898 contingens
2102 820 2217 897 est,
2264 820 2338 879 ut
2382 832 2452 879 se
2496 814 2673 898 ipsos
2716 812 2995 878 indeter-

374 904 650 968 minatos
709 903 996 969 reddant.
1044 900 1255 979 Quare
1304 905 1520 968 omnia
1566 921 1649 968 ex
1693 905 2073 969 necessitate
2118 904 2356 968 divinae
2403 908 2655 967 naturae
2701 901 2995 967 determi-

373 996 526 1057 nata
594 997 768 1075 sunt,
833 1011 964 1057 non
1032 997 1285 1057 tantum
1353 992 1434 1057 ad
1504 992 1935 1075 existendum,
2002 991 2116 1058 sed
2185 996 2377 1058 etiam
2443 991 2524 1056 ad
2590 996 2761 1057 certo
2807 991 2995 1056 modo

374 1081 785 1148 existendum
833 1087 897 1146 et
940 1081 1353 1166 operandum,
1397 1082 1787 1166 nullumque
1833 1083 2022 1147 datur
2066 1084 2463 1167 contingens.
2513 1079 2587 1159 Q.
2632 1078 2716 1145 E.
2759 1078 2842 1143 D.

1447 1214 1921 1260 SOHOLIUI.

463 1294 834 1378 Antequam
901 1294 1172 1360 ulterius
1231 1314 1513 1380 pergam,
1558 1295 1681 1379 hic,
1728 1295 1885 1380 quid
1929 1294 2117 1360 nobis
2162 1313 2277 1379 per
2319 1293 2633 1359 Naturam
2677 1291 2741 1357 N
2741 1298 2998 1356 aturan-

374 1387 526 1469 tem,
569 1388 631 1449 et
678 1382 835 1468 quid
881 1402 994 1467 per
1036 1383 1350 1449 Naturam
1394 1383 1774 1449 Naturatam
1820 1384 2308 1470 intelligendum
2349 1385 2451 1466 sit,
2490 1383 2812 1466 explicare
2835 1381 3000 1466 volo,

375 1472 481 1538 vel
547 1474 762 1558 potius
831 1491 1106 1539 monere.
1175 1473 1343 1539 Nam
1412 1494 1495 1540 ex
1563 1472 2085 1539 antecedentibus
2146 1475 2281 1557 jam
2342 1478 2635 1537 constare
2680 1472 3000 1556 existimo,

376 1580 625 1647 nempe,
696 1562 868 1647 quod
934 1581 1047 1647 per
1113 1561 1423 1628 Naturam
1492 1561 1919 1628 Naturantem
1987 1562 2175 1628 nobis
2235 1561 2725 1645 intelligendum
2773 1565 2871 1626 est
2915 1559 3001 1644 id,

377 1651 552 1736 quod
618 1653 689 1714 in
757 1669 828 1718 se
895 1656 993 1718 est
1055 1656 1119 1717 et
1179 1671 1294 1736 per
1337 1672 1407 1719 se
1451 1654 1828 1737 concipitur,
1873 1654 2010 1718 sive
2054 1653 2203 1717 talia
2247 1651 2629 1717 substantiae
2676 1649 2999 1734 attributa,

377 1759 524 1824 quae
572 1744 879 1805 aeternam
928 1746 990 1806 et
1033 1739 1351 1807 infinitam
1399 1744 1739 1807 essentiam
1782 1742 2175 1827 exprimunt,
2214 1741 2332 1806 hoc
2379 1745 2474 1806 est
2519 1743 2669 1822 (per
2696 1737 2912 1805 Coroll.
2940 1739 2999 1802 1.

378 1828 575 1913 Prop.
648 1829 751 1893 14.
820 1836 878 1894 et
950 1828 1169 1896 coroa.
1236 1830 1296 1895 2.
1364 1828 1560 1915 Prop.
1624 1831 1770 1913 17.),
1831 1829 2030 1914 Deus,
2078 1835 2396 1915 quatenus
2443 1835 2516 1894 ut
2562 1848 2757 1894 causa
2802 1826 3001 1894 libera

376 1919 835 1983 consideratur.
880 1916 1008 1984 Per
1047 1917 1423 1985 Naturatam
1471 1925 1686 1985 autem
1731 1920 2018 2006 intelligo
2063 1920 2132 1984 id
2179 1938 2387 2001 omne,
2432 1919 2605 2003 quod
2651 1936 2734 1983 ex
2780 1936 3000 1983 neces-

380 2009 569 2073 sitate
614 2006 736 2074 Dei
780 2012 1053 2091 naturae,
1103 2010 1241 2073 sive
1288 2011 1809 2094 uniuscujusque
1854 2007 1977 2074 Dei
2023 2009 2477 2074 attributorum
2523 2009 2839 2092 sequitur,
2881 2007 3002 2072 hoc

374 2101 474 2161 est
542 2115 766 2162 omnes
834 2095 957 2163 Dei
1023 2096 1476 2163 attributorum
1546 2098 1789 2181 modos,
1850 2104 2170 2183 quatenus
2227 2097 2717 2163 considerantur
2761 2101 2837 2160 ut
2880 2116 3002 2181 res,

384 2204 532 2269 quae
577 2187 646 2250 in
690 2184 828 2251 Deo
873 2191 1045 2270 sunt,
1091 2193 1155 2253 et
1200 2206 1347 2271 quse
1393 2189 1534 2253 sine
1578 2186 1716 2253 Deo
1762 2207 1886 2253 nec
1933 2207 2074 2254 esse
2119 2207 2239 2253 nec
2284 2188 2536 2272 concipi
2578 2190 2868 2271 possunt.

1188 2333 1893 2401 PROPOSITIO
1983 2335 2205 2400 XXX.

469 2446 839 2532 IntellectuS,
905 2452 1054 2513 actu
1120 2446 1349 2531 finitus
1413 2454 1532 2514 aut
1594 2454 1744 2515 actu
1810 2448 2129 2535 infinitus,
2197 2449 2322 2515 Dei
2388 2449 2693 2515 attributa
2759 2448 3003 2532 Deique

378 2537 746 2621 affectiones
788 2537 1294 2618 comprehendere
1339 2538 1528 2623 debet,
1570 2543 1631 2604 et
1671 2539 1838 2604 nihil
1879 2538 2081 2605 aliud.

1328 2644 2053 2718 'DEMONSTRATIQ

465 2749 621 2817 Idea
679 2770 832 2817 vera
877 2751 1065 2817 debet
1105 2755 1449 2819 convenire
1492 2773 1641 2819 cum
1689 2775 1809 2820 suo
1854 2755 2064 2821 ideato
2112 2757 2259 2835 (per
2303 2753 2546 2820 Aan'om.
2595 2754 2695 2837 6.),
2739 2754 2861 2817 hoc
2905 2757 3002 2818 est

378 2843 476 2922 (ut
529 2861 654 2925 per
722 2861 786 2907 se
850 2847 1082 2922 notum)
1141 2842 1228 2926 id,
1288 2843 1461 2926 quod
1519 2846 1588 2908 in
1650 2845 1981 2911 intellectu
2030 2843 2341 2927 objective
2385 2846 2768 2926 continetur,
2814 2841 3002 2907 debet

374 2932 739 2995 necessario
805 2933 876 2994 in
922 2930 1168 2996 Natura
1214 2931 1394 2996 dari:
1437 2936 1618 3017 atqui
1660 2936 1729 2996 in
1774 2933 2025 2999 Natura
2069 2940 2218 3014 (per
2267 2931 2484 2999 Coroll.
2530 2934 2589 2997 1.
2635 2931 2825 3013 Prop.
2873 2931 3002 3010 14.)

375 3038 509 3083 non
556 3021 681 3084 nisi
729 3039 863 3084 una
908 3019 1266 3085 substantia
1311 3021 1518 3107 datur,
1562 3041 1792 3107 nempe
1838 3021 2052 3103 Deus3
2100 3041 2220 3089 nec
2267 3022 2418 3087 ullae
2456 3023 2599 3087 alise
2637 3022 3001 3086 affectiones

374 3111 527 3192 (per
582 3107 772 3190 Prop.
822 3108 967 3193 15.),
1014 3129 1210 3193 quam
1272 3129 1417 3194 quae
1460 3113 1529 3175 in
1583 3110 1718 3177 Deo
1767 3118 1939 3195 sunt,
1985 3117 2050 3178 et
2095 3131 2241 3196 quae
2289 3113 2438 3193 (per
2480 3111 2736 3176 eandem
2782 3108 3001 3191 Prop.)

378 3199 519 3263 sine
585 3196 724 3263 Deo
784 3217 906 3263 nec
966 3216 1108 3264 esse
1151 3218 1270 3263 nec
1316 3202 1566 3284 concipi
1605 3207 1910 3285 possunt3
1960 3220 2110 3286 ergo
2155 3200 2538 3283 intellectus,
2586 3207 2734 3266 actu
2776 3199 3002 3264 finitus

375 3292 488 3351 aut
554 3292 703 3352 actu
771 3287 1085 3372 infinitus,
1154 3286 1274 3354 Dei
1340 3290 1645 3355 attributa
1710 3288 1964 3375 Deique
2030 3290 2396 3356 affectiones
2468 3288 3001 3376 comprehendere

376 3375 580 3460 debet,
625 3381 691 3442 et
733 3376 897 3440 nihil
941 3376 1136 3442 aliud.
1186 3376 1256 3457 Q.
1297 3376 1379 3443 E.
1425 3376 1508 3443 D.
2040 3412 2045 3420 ·

1167 3527 1871 3594 PROPOSITIO
1961 3527 2220 3594 XXXI.

464 3638 820 3706 Intellectus
868 3645 1034 3726 actu,
1076 3641 1200 3706 sive
1242 3642 1301 3707 is
1338 3641 1565 3723 finitus
1608 3643 1689 3708 sit
1731 3644 1858 3708 sive
1903 3644 2212 3727 infinitus,
2256 3648 2330 3708 ut
2372 3648 2434 3708 et
2476 3642 2786 3725 voluntas,
2829 3641 3000 3726 cupi-

381 3727 568 3813 ditas,
633 3749 810 3796 amor
869 3734 995 3814 ete,
1060 3732 1150 3796 ad
1214 3731 1538 3797 Naturam
1603 3732 2009 3816 Naturatam,
2075 3752 2203 3799 non
2259 3751 2402 3798 vero
2446 3731 2535 3796 ad
2576 3731 3003 3797 Naturantem

382 3818 615 3903 referm‘
655 3818 889 3885 debent.

1329 3929 2049 3976 nunonsrnnr1o

470 4006 596 4074 Per
654 4010 1050 4075 intellectum
1098 4011 1270 4074 enim
1315 4015 1412 4091 (ut
1453 4031 1568 4091 per
1609 4030 1674 4076 se
1715 4015 1956 4091 notum)
2000 4031 2131 4076 non
2174 4011 2594 4095 intelligimus
2641 4009 2999 4075 absolutam

386 4098 855 4182 cogitationem,
899 4100 1012 4164 sed
1059 4105 1306 4164 certum
1349 4106 1598 4165 tantum
1644 4101 1906 4165 modum
1953 4101 2293 4185 cogitandi,
2332 4103 2446 4184 qui
2486 4100 2715 4165 modus
2738 4098 2816 4163 ab
2842 4099 3005 4181 aliis,

385 4187 629 4252 scilicet
670 4189 1036 4273 cupiditate,
1081 4207 1315 4270 amore,
1360 4196 1474 4254 etc.
1521 4189 1746 4271 differt,
1790 4190 2081 4275 adeoque
2127 4196 2276 4270 (per
2318 4188 2530 4272 Defin.
2577 4190 2663 4267 5.)
2683 4206 2797 4269 per
2819 4187 3002 4253 abso-

380 4277 586 4341 lutam
645 4280 1092 4362 cogitationem
1139 4279 1388 4363 concipi
1434 4278 1651 4361 debet;
1699 4297 1929 4364 nempe
1973 4284 1992 4361 (
1999 4300 2121 4364 per
2165 4278 2360 4360 Prop.
2407 4280 2509 4344 15.
2553 4283 2613 4343 et
2656 4276 2870 4359 Defin.
2915 4278 2998 4359 6.)

383 4383 500 4450 per
567 4365 829 4451 aliquod
895 4365 1016 4431 Dei
1085 4366 1484 4449 attributum,
1554 4368 1726 4452 quod
1785 4374 2088 4433 aeternam
2136 4374 2200 4434 et
2241 4368 2555 4433 infinitam
2601 4368 3003 4450 cogitationis

385 4456 729 4521 essentiam
798 4458 1124 4540 exprimit,
1167 4458 1257 4521 ita
1301 4457 1550 4541 concipi
1596 4456 1800 4533 debet,
1847 4463 1920 4522 ut
1963 4459 2105 4524 sine
2150 4460 2290 4542 ipso
2336 4476 2457 4522 nec
2501 4475 2644 4522 esse
2686 4475 2805 4520 nec
2852 4475 3002 4520 con-

384 4545 515 4627 cipi
552 4545 788 4628 possit3
834 4564 908 4609 ac
954 4550 1288 4630 propterea
1330 4550 1480 4626 (per
1526 4543 1721 4611 Schol.
1770 4545 1966 4631 Prqo.
2006 4546 2135 4626 29.)
2173 4546 2253 4611 ad
2276 4545 2585 4611 Naturam
2607 4544 2671 4610 N
2670 4550 3002 4627 aturatam,

386 4652 576 4800 ιῶοιιΕ
589 4653 743 4786 veDro
808 4631 1234 4700 Naturantem
1292 4635 1518 4701 referri
1563 4633 1770 4717 debet,
1814 4641 1890 4701 ut
1935 4638 2125 4701 etiam
2172 4636 2407 4721 reliqui
2453 4635 2624 4701 modi
2669 4635 3004 4718 cogitandi.

476 4909 681 4996 Ratio,
747 4930 868 4978 cur
933 4912 1038 4977 hic
1104 4913 1335 4997 loquar
1401 4830 1494 4979 deS
1517 4831 2104 4997 Oinntgll'elcXumactu,
2161 4932 2293 4978 non
2353 4916 2468 4995 est,
2513 4913 2668 4997 quia
2709 4910 3008 4996 concedo,
