3609 5642
1501 524 1585 570 nr:
1625 525 2012 571 Arrncrmus.
2935 508 3062 572 105

1660 692 1850 758 XXI.

524 822 937 889 Existimatio
981 827 1079 887 est
1124 821 1204 886 de
1249 822 1470 906 aliquo
1515 841 1648 905 pree
1697 823 1939 886 Amore
1982 821 2132 906 plus
2169 822 2351 906 justo
2398 824 2653 888 sentire.

1642 969 1864 1035 XXII.

525 1085 865 1168 Despectus
909 1089 1006 1150 est
1053 1085 1131 1150 de
1175 1084 1394 1169 aliquo
1440 1104 1576 1168 pree
1626 1083 1789 1149 Odio
1836 1087 2054 1150 minus
2093 1087 2272 1169 justo
2321 1086 2573 1152 sentire.

1459 1227 2050 1275 EXPLIOATIO.

523 1324 641 1390 Est
705 1325 926 1408 itaque
994 1322 1406 1390 Existimatio
1477 1323 1758 1403 AmoriS,
1828 1327 1893 1387 et
1960 1321 2318 1408 Despectus
2385 1322 2531 1388 Odii
2601 1324 2864 1389 effectus
2934 1324 3072 1389 sive

437 1414 825 1499 proprietas;
912 1418 1107 1498 atque
1172 1413 1330 1477 adeo
1400 1418 1609 1496 potest
1676 1410 2077 1477 Existimatio
2145 1414 2335 1478 etiam
2408 1412 2675 1495 definiri,
2746 1413 2919 1497 quod
2987 1413 3070 1477 sit

436 1502 656 1585 Amor,
715 1507 1028 1589 quatemus
1078 1501 1380 1567 hominem
1425 1502 1519 1565 ita
1561 1501 1786 1585 afficit,
1824 1507 1898 1566 ut
1941 1501 2015 1567 de
2057 1522 2129 1567 re
2172 1508 2387 1567 amata
2426 1500 2577 1583 plus
2614 1503 2785 1584 justo
2827 1501 3072 1584 sentiat,

440 1599 505 1657 et
565 1599 789 1657 contra
833 1591 1191 1674 Despectus,
1237 1591 1413 1676 quod
1458 1592 1542 1655 sit
1594 1589 1842 1674 Odium,
1885 1597 2200 1677 quatenus
2241 1590 2547 1657 hominem
2590 1591 2683 1656 ita
2726 1589 2955 1674 afficit,
2998 1596 3072 1656 ut

439 1682 526 1835 ἐξ
571 1701 657 1835 eg,
690 1700 896 1785 ’quem
954 1681 1093 1747 odio
1136 1680 1335 1763 habet,
1380 1680 1591 1745 minus
1616 1681 1802 1764 justo
1845 1680 2093 1746 sentiat.
2140 1680 2308 1746 Vide
2353 1681 2432 1745 de
2477 1681 2578 1746 his
2623 1679 2831 1746 Schol.
2879 1680 3068 1765 Prop.

531 1819 544 1834 .
640 1791 805 1854 ujus.

1632 1882 1893 1947 XXIII.

527 1997 785 2063 Invidia
849 2004 946 2063 est
1012 1995 1269 2080 Odium,
1339 2002 1659 2083 quatenus
1729 1998 2053 2062 hominem
2119 1999 2210 2063 ita
2277 1996 2492 2078 afficit,
2560 2002 2635 2062 ut
2677 2016 2760 2062 ex
2801 1998 3066 2062 alterius

439 2087 741 2153 felicitate
784 2089 1215 2169 contristetur,
1261 2092 1324 2152 et
1368 2091 1609 2170 contra,
1653 2092 1727 2150 ut
1772 2106 1856 2152 ex
1900 2086 2164 2152 alterius
2209 2087 2374 2151 malo
2419 2087 2713 2171 gaudeat.

1471 2232 1512 2276 n
1534 2233 1580 2278 x
1602 2232 1642 2277 P
1665 2232 1704 2277 L
1724 2232 1749 2277 1
1772 2232 1809 2277 c
1831 2233 1874 2278 A
1897 2232 1933 2276 r
1952 2232 1977 2276 1
1998 2231 2055 2278 o.

529 2324 798 2390 Invidiae
880 2326 1218 2410 opponitur
1286 2344 1490 2390 comm
1500 2326 1713 2390 uniter
1780 2324 2235 2409 Misericordia,
2305 2344 2450 2410 quse
2517 2324 2802 2409 proinde,
2869 2326 3074 2390 invita

443 2414 742 2479 vocabuli
786 2414 1283 2500 significatione,
1316 2415 1409 2480 sic
1456 2414 1708 2481 definiri
1751 2420 1980 2498 potest.

1632 2551 1885 2617 XXIV.

533 2666 978 2733 Misericordia
1050 2673 1147 2733 est
1205 2667 1426 2750 Amor,
1487 2672 1809 2752 quatenus
1870 2667 2197 2733 hominem
2256 2668 2346 2731 ita
2392 2666 2605 2750 afficit,
2651 2671 2725 2733 ut
2773 2685 2857 2732 ex
2903 2666 3072 2731 bono

439 2758 706 2822 alterius
750 2758 1046 2842 gaudeat,
1092 2762 1154 2823 et
1200 2763 1420 2823 contra
1465 2765 1539 2822 ut
1586 2776 1670 2822 ex
1715 2757 1979 2822 alterius
2027 2757 2195 2821 malo
2243 2758 2670 2822 contristetur.

1482 2902 2058 2948 EXPLIOATIO.

532 2993 846 3061 Caeterum
893 2996 973 3061 de
1015 2994 1270 3060 Invidia
1314 2996 1467 3062 vide
1510 2995 1718 3061 Schol.
1765 2996 1952 3080 Prop.
2002 2998 2104 3060 24.
2151 3001 2214 3061 et
2250 2995 2460 3061 Schol.
2497 2996 2685 3081 Prop.
2729 2997 2831 3059 32.
2857 2996 3072 3079 hujus.

440 3086 661 3171 Atque
728 3086 794 3149 hi
860 3085 1124 3151 affectus
1192 3083 1461 3150 Laetitiae
1516 3092 1579 3151 et
1638 3085 1937 3152 Tristitiae
1999 3091 2176 3169 sunt,
2235 3105 2400 3171 quos
2459 3086 2602 3151 idea
2646 3087 2741 3150 rei
2788 3091 3074 3150 externae

440 3176 785 3240 comitatur
829 3178 1137 3259 tanquam
1183 3194 1378 3240 causa
1422 3194 1538 3259 per
1576 3194 1645 3240 se
1684 3177 1788 3241 vel
1826 3194 1940 3260 per
1978 3175 2291 3241 accidens.
2314 3174 2488 3240 Hinc
2511 3176 2592 3240 ad
2616 3175 2775 3240 alios
2799 3181 3074 3258 transe0,

443 3283 610 3348 quos
654 3263 799 3330 idea
842 3265 936 3329 rei
981 3266 1254 3329 internae
1298 3267 1639 3329 comitatur
1683 3270 1993 3349 tanquam
2042 3284 2254 3329 causa.

1657 3402 1875 3468 XXV.

531 3514 1002 3602 Aequiescentia
1042 3516 1112 3581 in
1153 3537 1220 3582 se
1261 3517 1399 3601 ipso
1445 3523 1543 3584 est
1587 3516 1838 3583 Laetitia
1883 3522 2022 3583 orta
2067 3537 2149 3584 ex
2193 3536 2284 3602 ec,
2331 3517 2506 3601 quod
2551 3517 2738 3582 homo
2763 3536 2832 3582 se
2853 3518 3069 3601 ipsum

444 3624 760 3691 suamque
804 3607 1038 3691 agendi
1083 3609 1434 3691 potentiam
1478 3609 1965 3692 contemplatur.

1638 3743 1891 3809 XXVI.

532 3855 884 3923 Humilitas
949 3862 1048 3923 est
1112 3856 1394 3923 Tristitia
1454 3862 1593 3922 orta
1652 3878 1736 3924 ex
1795 3878 1889 3940 ec,
1938 3859 2114 3944 quod
2160 3860 2349 3925 homo
2395 3878 2580 3924 suam
2627 3859 3069 3943 impotentiam

444 3947 583 4012 sive
624 3946 1123 4013 imbecillitatem
1169 3949 1654 4032 contemplatur.

1468 4094 2055 4140 EXPLICA'I'IO.

533 4186 1029 4270 Acquiescentia
1072 4188 1142 4251 in
1188 4205 1258 4252 se
1302 4188 1442 4271 ipso
1488 4186 1860 4253 Humilitati
1909 4190 2269 4273 opponitur,
2315 4193 2633 4273 quatenus
2672 4206 2786 4271 per
2807 4187 3072 4252 eandem

441 4274 867 4359 intelligimus
927 4275 1262 4359 Laetitiam,
1309 4297 1455 4361 quae
1501 4297 1585 4341 ex
1632 4296 1707 4342 eo
1754 4279 1978 4360 oritur,
2025 4278 2198 4362 quod
2242 4283 2525 4342 nostram
2573 4276 2804 4362 agendi
2852 4283 3073 4360 poten-

442 4366 598 4428 tiam
645 4365 1185 4449 contemplamur3
1240 4367 1351 4431 sed
1402 4370 1722 4450 quatenus
1771 4386 1885 4450 per
1931 4368 2133 4451 ipsam
2183 4369 2374 4431 etiam
2418 4365 2839 4450 intelligimus
2884 4364 3073 4430 Laeti-

443 4455 598 4517 tiam
646 4455 1112 4520 concomitante
1157 4455 1300 4520 idea
1345 4455 1619 4539 alicujus
1663 4454 1835 4536 facti,
1874 4456 2047 4540 quod
2087 4476 2205 4520 nos
2228 4475 2311 4521 ex
2336 4455 2570 4520 Mentis
2593 4455 2795 4521 libero
2819 4454 3073 4521 decreto

439 4541 671 4609 fecisse
716 4543 1057 4627 credimus,
1102 4549 1241 4609 tum
1289 4543 1698 4610 Poenitentiae
1743 4546 2103 4628 opponitur,
2145 4564 2292 4629 quae
2331 4564 2368 4609 a
2408 4543 2594 4609 nobis
2635 4546 2726 4610 sic
2753 4543 3073 4610 definitur.

1621 4681 1907 4748 XXVII.

531 4792 913 4861 Paenitentia
972 4801 1068 4861 est
1125 4794 1407 4861 Tristitia
1465 4796 1933 4862 concomitante
1995 4796 2137 4863 idea
2198 4795 2470 4880 alicujus
2515 4795 2684 4878 facti,
2733 4796 2908 4881 quod
2954 4814 3073 4861 nos

443 4903 528 4948 ex
572 4884 774 4950 libero
822 4884 1057 4951 Mentis
1101 4886 1351 4952 decreto
1396 4886 1624 4952 fecisse
1671 4886 2019 4952 credimus.
