3609 5642
533 528 659 591 178
1571 546 1820 594 mmor-s
1864 548 2019 594 uns
2060 548 2122 592 v.

522 714 803 779 multum
870 715 975 779 sni
1031 716 1095 777 et
1153 711 1274 779 Dei
1333 717 1397 779 et
1438 732 1654 779 rerum
1703 716 1787 779 sit
1832 717 2102 780 conscia.
2147 714 2227 779 In
2271 715 2392 780 hac
2437 715 2569 779 vita
2613 715 2813 798 igitur
2857 714 3145 799 apprime

523 822 849 886 conamur,
916 808 991 867 ut
1058 800 1305 887 Corpus
1362 803 1651 867 infantiae
1708 805 1778 867 in
1825 803 2020 887 aliud,
2066 807 2381 888 quantum
2427 805 2568 886 eJus
2612 806 2843 867 natura
2887 803 3147 887 patitur,
3248 804 3253 809 ’

524 893 713 977 eique
778 891 1097 974 conducit,
1166 895 1468 974 mutetur,
1535 892 1712 976 quod
1780 893 1864 957 ad
1929 894 2208 977 plurima
2267 898 2487 978 aptum
2551 893 2655 974 sit,
2714 891 3017 976 quodque
3061 890 3145 955 ad

524 979 805 1047 Mentem
871 980 1200 1062 referatur,
1267 1000 1415 1064 quae
1482 983 1587 1045 sni
1649 986 1711 1046 et
1770 979 1891 1047 Dei
1953 986 2015 1047 et
2060 1000 2276 1047 rerum
2324 982 2679 1067 plurimum
2724 982 2808 1045 sit
2852 982 3144 1059 conscia;

526 1074 721 1154 atque
779 1071 869 1134 ita
930 1074 1004 1134 ut
1062 1068 1128 1133 id
1189 1087 1396 1151 omne,
1459 1069 1632 1155 quod
1678 1069 1758 1134 ad
1805 1072 2012 1155 ipsius
2057 1073 2427 1136 memoriam
2475 1070 2579 1135 vel
2622 1071 3147 1155 imaginationem

524 1159 814 1239 refertur,
879 1160 949 1222 in
1009 1163 1299 1242 respectu
1360 1158 1441 1223 ad
1499 1159 1894 1225 intellectum
1958 1161 2071 1223 vix
2131 1161 2406 1243 aliquus
2451 1162 2536 1224 sit
2584 1160 2906 1242 momenti,
2956 1163 3030 1223 ut
3076 1160 3146 1221 in

526 1247 735 1313 Schol.
782 1246 969 1332 Prop.
1016 1246 1279 1331 proeced.
1318 1248 1453 1329 Jam
1499 1247 1655 1311 dixi.

1384 1382 2080 1450 PROPOSITIO
2170 1385 2308 1450 XL.

620 1494 753 1577 Quo
817 1516 1210 1584 unaquaeque
1265 1517 1368 1562 res
1420 1496 1570 1582 plus
1624 1499 2028 1582 perfeetionis
2069 1497 2268 1583 habet,
2310 1518 2377 1564 eo
2420 1499 2618 1581 mayis
2661 1499 2790 1582 aqit
2832 1504 2893 1563 et
2935 1497 3147 1561 minus

522 1587 807 1671 patitur‚·
851 1590 909 1650 et
951 1593 1189 1669 contra,
1233 1606 1355 1668 quo
1397 1587 1597 1670 mayis
1641 1588 1789 1672 aqit,
1833 1607 1900 1653 eo
1938 1589 2276 1673 perfectior
2319 1595 2427 1653 est.

1482 1720 2199 1767 DEMONSTRATIQ

616 1800 758 1877 Quo
829 1820 1234 1886 unaquaeque
1299 1820 1401 1866 res
1467 1801 1806 1886 perfectior
1874 1808 1989 1886 est,
2057 1822 2132 1868 eo
2200 1804 2350 1888 plus
2410 1802 2601 1868 habet
2660 1803 2968 1868 realitatis
3016 1804 3151 1885 (per

528 1888 740 1973 Defin.
765 1889 811 1971 1)
859 1891 916 1954 6.
955 1909 1019 1974 p.
1066 1890 1167 1973 2.),
1213 1896 1276 1956 et
1320 1895 1787 1975 consequenter
1831 1897 1967 1976 (per
2009 1891 2203 1978 Prop.
2251 1893 2311 1957 3.
2351 1912 2414 1977 p.
2460 1892 2518 1955 3.
2563 1912 2702 1956 eum
2746 1893 2887 1973 ejus
2929 1888 3149 1968 Schol.)

528 2000 604 2045 eo
671 1982 878 2064 magis
943 1981 1075 2064 agit
1141 1983 1204 2044 et
1271 1981 1487 2044 minus
1547 1983 1820 2064 patitur3
1885 2000 2034 2065 quae
2081 1981 2341 2066 quidem
2389 1981 2845 2046 demonstratio
2893 1982 3150 2045 inverso

528 2069 751 2135 ordine
816 2068 1039 2134 eodem
1106 2067 1294 2133 modo
1352 2069 1654 2153 procedit,
1712 2088 1796 2135 ex
1857 2089 1988 2154 quo
2052 2072 2363 2156 sequitur,
2412 2075 2484 2135 ut
2526 2089 2630 2136 res
2677 2074 2898 2135 contra
2941 2088 3017 2134 eo
3065 2071 3152 2134 sit

528 2157 883 2242 perfectior,
931 2177 1062 2241 quo
1110 2159 1314 2242 magis
1360 2160 1507 2242 agit.
1559 2156 1627 2239 Q.
1673 2156 1750 2223 E.
1795 2155 1880 2223 D.

1515 2291 2169 2338 GOROLLARIUE

617 2371 790 2437 Hinc
855 2374 1164 2458 sequitur,
1224 2378 1469 2456 partem
1530 2372 1783 2455 Mentis,
1846 2393 1994 2459 quae
2037 2379 2340 2457 remanet,
2386 2380 2886 2458 quantacunque
2933 2392 3007 2438 ea
3053 2373 3155 2455 sit,

530 2461 967 2545 perfectiorem
1029 2480 1170 2527 esse
1226 2462 1492 2546 reliqua.
1554 2461 1720 2527 Nam
1767 2482 1917 2547 pars
1962 2462 2198 2529 Mentis
2246 2468 2485 2528 aeterna
2529 2467 2662 2547 (per
2704 2462 2903 2547 Prop.
2947 2462 3052 2525 23.
3096 2465 3158 2525 et

530 2550 635 2614 29.
682 2550 895 2633 hujus)
941 2554 1039 2617 est
1078 2551 1460 2634 intellectus,
1502 2570 1615 2636 per
1653 2570 1845 2636 quem
1885 2553 2097 2617 solum
2136 2572 2255 2617 nos
2294 2572 2481 2637 agere
2504 2554 2780 2618 dicimur
2802 2555 2936 2636 (per
2956 2549 3153 2635 Prop.

533 2639 591 2703 3.
635 2659 697 2724 p.
746 2641 863 2721 3.);
909 2640 1020 2704 illa
1065 2645 1298 2723 autem,
1344 2659 1539 2724 quam
1584 2642 1792 2725 perire
1837 2641 2255 2724 ostendimus,
2300 2647 2397 2707 est
2432 2644 2575 2725 ipsa
2613 2642 2982 2726 imaginatio
3024 2643 3157 2723 (per

531 2727 723 2813 Prop.
770 2729 874 2792 21.
919 2728 1152 2810 hujus),
1209 2747 1322 2812 per
1382 2749 1575 2813 quam
1624 2731 1825 2794 solam
1873 2730 2149 2795 dicimur
2192 2733 2324 2815 pati
2371 2734 2505 2814 (per
2549 2730 2739 2815 Prop.
2788 2730 2846 2794 3.
2889 2750 2953 2814 p.
2995 2729 3056 2793 3.
3097 2733 3159 2793 et

526 2836 663 2900 qen.
700 2817 916 2898 Affeet.
962 2815 1229 2899 Defin.);
1300 2820 1494 2903 atque
1559 2818 1716 2883 adeo
1776 2823 1912 2903 (per
1955 2819 2149 2904 Prop.
2192 2825 2400 2904 praee.)
2461 2820 2589 2904 illa,
2650 2824 3153 2904 quantacunque

533 2925 607 2970 ea
651 2909 753 2989 sit,
797 2907 915 2971 hac
961 2911 1058 2972 est
1102 2905 1455 2991 perfectior.
1506 2905 1574 2986 Q.
1620 2906 1696 2971 E.
1742 2906 1827 2972 D.

1607 3040 2072 3086 scnoLlum

619 3117 778 3183 Haec
842 3124 1013 3202 sunt,
1080 3139 1224 3204 quae
1292 3120 1371 3185 de
1437 3119 1667 3204 Mente,
1738 3127 2059 3206 quatenus
2127 3123 2267 3188 sine
2332 3124 2640 3189 relatione
2706 3123 2784 3188 ad
2855 3121 3154 3206 Corporis

532 3210 938 3274 existentiam
999 3208 1455 3290 consideratur,
1500 3211 1832 3277 ostendere
1879 3213 2367 3277 constitueram:
2418 3231 2502 3277 ex
2549 3211 2806 3297 quibus,
2852 3217 2915 3276 et
2958 3212 3156 3276 simul

533 3317 617 3363 ex
660 3297 845 3381 Prop.
894 3298 996 3360 21.
1041 3317 1101 3381 p.
1150 3299 1205 3362 1.
1253 3304 1316 3363 et
1360 3299 1520 3381 aliis,
1566 3305 1845 3384 apparet,
1892 3300 2067 3385 quod
2111 3300 2295 3366 Mens
2335 3307 2572 3385 nostra,
2609 3308 2930 3385 quatenus
2967 3300 3156 3364 intel·

533 3389 693 3472 ligit,
762 3391 1039 3452 aeternus
1107 3387 1431 3470 cogitandi
1502 3388 1732 3454 modus
1793 3390 1895 3472 sit,
1956 3391 2070 3473 qui
2131 3390 2256 3454 alio
2319 3399 2555 3455 aeterno
2601 3388 2921 3474 cogitandi
2965 3388 3158 3452 modo

536 3476 1013 3556 determinatur,
1059 3481 1122 3540 et
1165 3476 1270 3540 hic
1316 3477 1551 3542 iterum
1596 3477 1676 3542 ab
1722 3478 1867 3560 alic,
1912 3484 1975 3543 et
2020 3480 2114 3543 sic
2158 3480 2226 3542 in
2272 3479 2634 3560 infinitum3
2682 3481 2772 3544 ita
2816 3484 2890 3543 ut
2934 3496 3160 3543 omnes

536 3566 730 3631 simul
774 3562 895 3630 Dei
940 3569 1251 3630 aeternum
1298 3571 1361 3631 et
1405 3565 1730 3631 infinitum
1774 3567 2172 3632 intellectum
2218 3569 2628 3633 constituant.

1366 3701 2063 3769 PROPOSITIO
2154 3703 2324 3769 XLI.

628 3814 925 3895 Quamvis
967 3815 1358 3897 nesciremus,
1407 3814 1687 3882 Mentem
1731 3822 2014 3882 nostram
2059 3822 2363 3882 oeternam
2405 3837 2550 3900 esse,
2587 3816 2895 3882 Pietatem
2934 3822 3161 3900 tamen,

534 3910 594 3970 et
639 3904 1036 3988 Religionem,
1080 3911 1139 3970 et
1181 3903 1455 3970 absolute
1499 3906 1725 3988 omnia,
1768 3926 1912 3991 quae
1947 3906 2036 3970 ad
2071 3906 2546 3972 Animos-itatem
2589 3913 2646 3971 et
2672 3904 3162 3972 Generositatem

535 3994 771 4078 referri
813 3993 1192 4059 ostendimus
1237 3994 1308 4058 in
1353 3998 1586 4080 quarta
1628 3993 1846 4080 Parte,
1886 3996 2101 4080 prima
2143 3994 2519 4062 haberemus.

1488 4126 2202 4174 DEMONSTRATIQ

623 4206 915 4272 Primum
961 4212 1025 4271 et
1068 4208 1331 4273 unicum
1379 4209 1635 4273 virtutis
1680 4228 1797 4275 seu
1843 4215 2014 4275 recte
2062 4210 2324 4275 vivendi
2360 4211 2627 4275 rationis
2663 4209 3160 4274 fundamentum

535 4300 671 4380 (per
713 4294 931 4361 C'orolZ.
974 4293 1171 4380 Prop.
1215 4297 1320 4361 22.
1365 4301 1425 4361 et
1461 4316 1578 4380 per
1620 4296 1816 4383 Prop.
1863 4299 1967 4363 24.
2009 4318 2071 4382 p.
2117 4299 2203 4380 4.)
2264 4303 2361 4365 est
2406 4319 2599 4364 suum
2646 4298 2805 4364 utile
2850 4317 3160 4383 quaerere.

535 4385 639 4448 Ad
707 4385 818 4449 illa
883 4390 1099 4449 autem
1166 4385 1738 4470 determinandum,
1800 4407 1946 4471 quae
2004 4386 2190 4452 Ratio
2235 4389 2419 4453 utilia
2467 4406 2610 4452 esse
2655 4387 2867 4470 dictat,
2911 4388 3160 4452 nullam

537 4476 848 4538 rationem
917 4473 1261 4539 habuimus
1329 4474 1563 4540 Mentis
1632 4478 2027 4559 aeternitatis,
2088 4496 2283 4561 quam
2348 4477 2608 4542 demum
2653 4477 2721 4539 in
2769 4477 2886 4540 hac
2932 4478 3164 4561 quinta

538 4562 729 4628 Parte
785 4564 1103 4628 novimus.
1169 4562 1477 4640 Quamvis
1519 4565 1718 4650 igitur
1762 4571 1903 4630 tum
1952 4566 2255 4650 temporis
2300 4566 2829 4650 ignoraverimus,
2879 4564 3165 4630 Mentem

543 4671 684 4717 esse
751 4657 1070 4737 fleternam,
1138 4653 1248 4717 illa
1316 4657 1546 4737 tamen,
1616 4673 1765 4737 quae
1836 4653 1917 4718 ad
1978 4655 2470 4721 Animositatem
2534 4658 2596 4721 et
2625 4653 3166 4720 ‘Generositatem

604 4897 661 4964 1)
698 4897 955 4965 Schmidt,
989 4899 1288 4966 Auerbach,
1323 4900 1545 4954 Bruder.
1588 4928 1647 4948 -ψ
1676 4900 1769 4953 Ed.
1806 4901 1913 4968 Pr„
1945 4902 2311 4955 Kirchmann:
2346 4901 2567 4957 Axium.
2598 4903 2647 4953 6.
