3609 5642
568 536 695 600 126
1589 553 1837 600 marom
1880 555 2035 601 rans
2078 556 2168 602 1v.

1515 740 2234 789 DEHONSTRATIQ

648 823 949 908 Conatus,
1010 842 1139 908 quo
1197 841 1605 907 unaquaeque
1649 843 1752 889 res
1796 825 1867 887 in
1913 843 2033 888 suo
2079 843 2220 890 9339
2265 842 2672 908 perseverare
2717 833 3005 912 conatur,
3049 830 3189 894 sol‘a‘.

555 915 763 998 ipsius
808 915 902 979 rei
946 914 1225 979 essentia
1270 912 1573 977 definitur
1616 915 1751 997 (per
1795 911 1992 997 Prop.
2041 912 2100 976 7.
2139 932 2202 997 p.
2251 914 2366 994 3.);
2415 916 2619 1000 eaque
2665 916 2801 980 sola
2846 918 3010 1001 data,
3052 938 3186 983 non

560 1008 774 1070 autem
820 1022 905 1067 ex
949 1002 1214 1067 alterius
1256 1003 1352 1066 rei
1396 1003 1692 1083 essentia,
1737 1003 2100 1067 necessario
2147 1006 2440 1087 sequitur
2483 1007 2617 1087 (per
2653 1003 2843 1089 Prop.
2885 1007 2943 1070 6.
2980 1026 3042 1092 p.
3084 1008 3185 1090 3.)‚

558 1097 632 1157 ut
696 1093 1153 1176 unusquisque
1220 1110 1413 1155 suum
1484 1109 1626 1156 esse
1687 1110 2069 1157 conservare
2130 1097 2412 1158 conetur.
2458 1091 2647 1158 Patet
2692 1100 2999 1176 praeterea
3044 1097 3184 1161 haec

557 1180 920 1266 Propositio
988 1199 1072 1246 ex
1133 1179 1359 1245 Coroll.
1406 1179 1595 1265 Prop.
1645 1181 1748 1243 22.
1810 1180 2007 1263 hujus
2069 1180 2295 1246 Partis.
2360 1181 2529 1247 Nam
2575 1183 2632 1247 si
2677 1183 2870 1248 homo
2917 1186 3184 1251 alterius

557 1272 651 1338 rei
701 1290 896 1336 causa
941 1289 1134 1335 suum
1181 1287 1322 1335 esse
1368 1287 1747 1334 conservare
1794 1274 2156 1352 conaretur,
2198 1275 2339 1335 tum
2384 1289 2488 1336 res
2532 1271 2644 1336 illa
2688 1274 2968 1356 primum
3016 1279 3185 1339 esset

557 1362 818 1425 virtutis
876 1359 1370 1424 fundamentum
1419 1361 1510 1439 (ut
1550 1377 1666 1443 per
1711 1379 1773 1422 se
1818 1363 2076 1441 notum),
2123 1359 2296 1443 quod
2344 1363 2478 1443 (per
2519 1361 2890 1445 praedictum
2940 1361 3185 1445 Coroll.)

557 1455 657 1514 est
699 1448 1069 1515 absurdum.
1115 1447 1288 1533 Ergo
1334 1466 1523 1513 nemo
1572 1468 1765 1513 suum
1816 1467 1974 1531 9339,
2020 1453 2137 1514 etc.
2187 1447 2256 1528 Q.
2301 1447 2378 1512 E.
2426 1446 2509 1513 D.

1363 1595 2060 1662 PROPOSITIO
2151 1595 2402 1661 XXVI.

648 1720 956 1808 Quicquid
1017 1743 1095 1787 ex
1159 1721 1426 1789 Ratione
1483 1742 1802 1805 conamur,
1846 1720 2010 1787 nihil
2051 1722 2236 1788 aliud
2275 1727 2369 1787 est
2412 1742 2601 1807 quam
2645 1722 3029 1809 ὀπτώμενα
3073 1744 3185 1790 nec

555 1810 769 1896 Mens,
834 1816 1143 1897 quatenus
1209 1811 1481 1879 Ratione
1546 1813 1771 1896 utitur,
1831 1811 2013 1878 aliud
2067 1812 2189 1877 sibi
2247 1812 2401 1877 utile
2444 1833 2575 1878 esse
2609 1813 2883 1898 judicat,
2927 1815 3058 1879 nisi
3100 1814 3184 1898 id,

553 1902 722 1986 quod
762 1901 849 1966 ad
890 1900 1362 1986 intelliqendum
1407 1901 1708 1967 conducit.

1507 2034 2217 2081 DEHONSTRATIQ

643 2113 928 2182 Conatus
980 2133 1122 2181 sese
1169 2117 1594 2183 conservandi
1639 2117 1797 2181 nihil
1849 2122 1947 2183 est
1991 2121 2225 2201 praeter
2269 2118 2477 2201 ipsius
2520 2119 2614 2182 rei
2659 2119 3002 2184 essentiam
3051 2122 3185 2203 (per

553 2202 745 2289 Prop.
792 2204 851 2269 7.
894 2225 955 2289 p.
1004 2205 1105 2287 3.)‚
1168 2224 1336 2290 quae,
1381 2218 1703 2290 quatenus
1759 2206 1906 2271 talis
1951 2207 2188 2288 existit,
2236 2208 2368 2270 vim
2416 2206 2649 2272 habere
2695 2209 3057 2292 concipitur
3102 2208 3182 2272 ad

553 2296 1091 2377 perseverandum
1136 2295 1203 2359 in
1252 2295 1588 2361 existendo
1630 2298 1767 2380 (per
1813 2295 2003 2379 Prop.
2051 2296 2109 2359 6.
2153 2316 2216 2381 p.
2263 2295 2364 2377 3.)‚
2411 2301 2476 2362 et
2524 2314 2599 2361 99
2645 2296 2985 2381 agendum,
3032 2317 3180 2381 quae

554 2402 638 2448 ex
706 2384 853 2449 data
918 2404 1036 2450 sua
1102 2390 1335 2449 natura
1399 2387 1759 2451 necessario
1823 2389 2190 2469 sequuntur
2252 2384 2411 2465 (vide
2470 2382 2682 2467 Defin.
2727 2384 3065 2470 Appetitas
3109 2387 3180 2451 in

554 2470 751 2537 Schol.
797 2472 992 2558 Prop.
1043 2473 1100 2537 9.
1144 2494 1205 2559 p.
1253 2474 1351 2553 3.).
1397 2475 1487 2539 At
1531 2473 1824 2539 Rationis
1869 2475 2148 2539 essentia
2194 2475 2356 2538 nihil
2401 2475 2576 2538 aliud
2622 2479 2720 2539 est
2760 2495 2954 2558 quam
2995 2474 3181 2541 Mens

551 2565 791 2645 nostra,
837 2567 1158 2647 quatenus
1202 2563 1371 2627 clare
1415 2568 1480 2629 et
1525 2564 1824 2629 distincte
1866 2563 2169 2647 intelligit
2206 2563 2365 2644 (vide
2401 2564 2542 2644 ejus
2563 2562 2777 2645 Defin.
2801 2564 2874 2628 in
2896 2564 2956 2627 2.
2982 2562 3180 2629 δάιοι.

550 2648 746 2734 Prop.
795 2652 899 2715 40.
944 2672 1005 2737 p.
1052 2651 1169 2731 2.);
1217 2651 1387 2737 Ergo
1433 2655 1568 2737 (per
1611 2651 1806 2737 Prop.
1853 2652 1956 2717 40.
1991 2671 2055 2736 p.
2094 2652 2178 2732 2.)
2226 2653 2539 2737 quicquid
2572 2672 2653 2717 ex
2692 2651 2966 2719 Ratione
2990 2672 3181 2718 cona-

551 2759 714 2822 mur,
781 2740 942 2804 nihil
1008 2740 1183 2804 aliud
1253 2747 1350 2806 est
1418 2761 1613 2825 quam
1681 2742 2055 2826 intelligere.
2123 2740 2373 2807 Deinde
2435 2744 2739 2825 quoniam
2787 2742 2894 2807 hic
2939 2741 3179 2808 Mentis

550 2834 839 2909 conatuS,
887 2848 1016 2913 quo
1077 2828 1279 2911 Mens,
1326 2836 1645 2915 quatenus
1691 2832 2131 2913 ratiocinatur,
2178 2850 2372 2895 suum
2399 2850 2563 2897 >esse
2609 2836 2877 2895 conatur
2921 2850 3177 2898 conser-

549 2936 717 2999 vare,
763 2918 925 2982 nihil
984 2918 1158 2983 aliud
1205 2924 1302 2984 est
1350 2939 1543 3003 quam
1590 2920 1945 3005 intelligere
1991 2922 2124 3003 (per
2164 2920 2441 3003 primam
2482 2925 2729 3004 partem
2773 2919 3031 3004 hujus);
3080 2925 3179 2986 est

549 3025 699 3091 ergo
760 3008 864 3072 hic
921 3007 1323 3092 intelligendi
1368 3014 1636 3073 conatus
1681 3011 1817 3093 (per
1865 3007 2085 3074 Coroll.
2130 3007 2322 3089 Prop.
2371 3009 2477 3072 22.
2521 3008 2739 3093 huma)
2784 3012 3066 3093 primum
3113 3015 3178 3074 et

549 3097 816 3160 unicum
864 3097 1121 3162 virtutis
1166 3096 1690 3179 fundamentum;
1739 3116 1860 3164 nec
1904 3098 2180 3180 alicujus
2225 3097 2375 3162 finis
2422 3117 2618 3164 causa
2663 3101 2798 3182 (per
2841 3098 3033 3183 Prop.
3072 3099 3176 3162 25.

546 3183 765 3266 huius)
834 3204 935 3250 res
997 3186 1354 3271 intelligere
1416 3186 1828 3252 conabimur:
1878 3187 1992 3252 sed
2038 3192 2259 3252 contra
2304 3186 2506 3271 Mens,
2555 3192 2878 3271 quatenus
2924 3190 3177 3252 ratioci-

546 3277 755 3357 natur,
816 3275 978 3338 nihil
1036 3274 1161 3340 sibi
1206 3274 1449 3340 bonum
1496 3294 1637 3341 esse
1683 3277 2018 3360 concipere
2062 3277 2291 3360 poterit
2337 3277 2462 3341 nisi
2508 3275 2595 3360 id,
2639 3276 2809 3360 quod
2856 3277 2936 3341 ad
2982 3278 3174 3343 intel-

546 3363 874 3448 ligendum
920 3365 1223 3429 conducit
1266 3366 1401 3448 (per
1443 3363 1657 3446 Defin.
1704 3365 1764 3429 1.
1810 3364 2043 3449 hujus).
2094 3364 2164 3445 Q.
2207 3364 2288 3430 E.
2331 3363 2414 3429 D.

1329 3513 2029 3581 PROPOSITIO
2121 3514 2421 3579 XXVIL

632 3626 817 3692 Nihil
882 3633 1044 3693 certo
1102 3628 1331 3693 scimus
1386 3629 1612 3695 bonum
1668 3634 1784 3695 aut
1827 3627 2063 3693 malum
2107 3648 2254 3712 esse,
2298 3627 2429 3692 m‘si
2470 3627 2555 3709 id,
2601 3626 2769 3713 quod
2811 3625 2900 3691 ad
2943 3625 3172 3691 intelli-

507 3787 510 3788 7
540 3716 809 3798 yendum
854 3737 1072 3783 revera
1116 3718 1418 3803 conducit,
1461 3718 1557 3784 vel
1594 3719 1762 3806 quod
1794 3717 2096 3803 impedire
2115 3724 2331 3803 potest,
2353 3736 2474 3804 quo
2495 3717 2712 3781 minus
2731 3714 3172 3800 intelliyamus.

1491 3849 2210 3896 DEMONSTRATIQ

630 3928 833 4011 Mens,
903 3935 1223 4015 quatenus
1291 3932 1725 4015 ratiocinatur,
1792 3933 1955 3996 nihil
2023 3931 2199 3996 aliud
2261 3933 2501 4016 appetit
2549 3940 2745 4015 quam
2795 3932 3173 4016 intelligere,

542 4037 661 4082 nec
726 4020 906 4084 aliud
965 4019 1090 4085 sibi
1150 4021 1309 4085 utile
1354 4040 1496 4087 esse
1533 4022 1781 4105 Judicat
1826 4022 1953 4086 nisi
1998 4021 2085 4104 id,
2133 4021 2306 4105 quod
2352 4021 2433 4085 ad
2477 4020 2970 4105 intelligendum
3018 4040 3172 4085 con-

542 4107 720 4171 ducit
786 4110 937 4191 (per
1002 4107 1192 4192 Prop.
1238 4113 1466 4193 praec).
1528 4112 1619 4175 At
1676 4109 1863 4175 Mens
1906 4116 2057 4195 (per
2101 4109 2293 4193 Prop.
2340 4109 2445 4174 41.
2491 4114 2550 4174 et
2593 4109 2697 4173 43.
2743 4129 2805 4193 p.
2853 4109 2933 4193 2.,
2979 4110 3172 4191 cujus

539 4195 722 4260 etiam
771 4195 966 4261 Schol.
1009 4198 1167 4280 vide)
1228 4218 1445 4264 rerum
1506 4199 1955 4266 certitudinem
2016 4219 2148 4264 non
2194 4197 2402 4278 habet,
2449 4200 2577 4264 nisi
2623 4204 2944 4283 quatenus
2990 4199 3170 4263 ideas

539 4283 730 4348 habet
775 4285 1164 4371 adaequatas,
1209 4289 1345 4352 sive
1392 4288 1579 4374 (quod
1615 4307 1731 4372 per
1769 4285 1966 4353 Schol.
2007 4288 2067 4353 2.
2105 4287 2302 4372 Prop.
2328 4287 2432 4351 40.
2453 4307 2516 4372 p.
2541 4288 2600 4351 2.
2624 4288 2787 4353 idem
2808 4293 2925 4374 cst)
2947 4293 3171 4371 quate-

540 4393 667 4437 nus
736 4375 1165 4440 ratiocinatur.
1235 4375 1406 4462 Ergo
1475 4378 1640 4441 nihil
1699 4382 1871 4442 certo
1918 4380 2161 4443 scimus
2208 4376 2448 4441 bonum
2498 4396 2640 4443 esse
2685 4378 2813 4441 nisi
2858 4377 2944 4460 id,
2995 4377 3171 4461 quod

539 4461 621 4526 ad
665 4463 1151 4548 intelligendum
1199 4483 1421 4531 revera
1465 4466 1800 4544 conducit3
1850 4472 1914 4533 et
1959 4474 2180 4531 contra
2225 4467 2292 4531 id
2337 4466 2598 4550 malum,
2646 4466 2818 4550 quod
2857 4466 3169 4550 impedire

537 4555 761 4635 potest,
808 4573 938 4637 quo
983 4556 1201 4619 minus
1246 4556 1697 4641 intelligamus
1748 4554 1818 4635 Q.
1864 4555 1939 4620 E.
1985 4553 2069 4621 D.

1248 4702 2002 4770 -PROPOSITIO
2094 4704 2410 4771 XXVIII.

628 4812 949 4880 Summum
1018 4814 1260 4882 Mentis
1326 4816 1547 4883 bonum
1608 4824 1696 4883 cst
1754 4815 1880 4885 Dei
1934 4819 2211 4903 comitio,
2254 4823 2314 4884 ct
2374 4816 2634 4883 Summa
2676 4817 2917 4883 Mentis
2958 4818 3163 4884 virtus

539 4902 745 4971 Deum
789 4924 1161 4992 coquo-scere.
