3609 5642
439 543 444 547 ·
577 527 704 592 108
1603 546 1853 594 mmcns
1894 547 2050 594 uns
2093 547 2180 593 111.

570 719 682 779 tur
748 716 1058 780 memoria
1115 733 1353 798 rerum,
1396 735 1542 799 quae
1600 714 1779 781 1111118
1824 716 2235 781 existentiam
2279 714 2639 781 secludunt.
2685 712 2898 791 Quare
2945 713 3195 780 deside·

569 805 740 869 rium
784 822 1008 870 revera
1052 802 1335 869 Tristitia
1379 808 1498 886 est,
1541 823 1688 889 quae
1730 802 2002 870 Laetitioe
2045 806 2392 890 opponitur
2434 805 2549 888 illi,
2595 822 2742 889 quae
2785 822 2869 869 ex
2906 803 3194 869 absentia

570 895 683 974 rei,
754 913 950 978 quam
1020 893 1294 976 odimus,
1366 895 1589 977 oritur,
1656 894 1735 958 de
1804 914 1935 978 qua
1993 894 2142 959 vide
2199 892 2526 959 Scholium
2573 893 3040 997 Propositionis
3087 894 3192 957 47.

569 940 764 1066 huj’us
830 984 1047 1067 partis.
1093 982 1220 1048 Sed
1266 984 1419 1067 quia
1464 1001 1700 1048 nomen
1746 981 2143 1049 Desiderium
2190 981 2616 1068 Cupiditatem
2660 984 2975 1067 respicere
3019 982 3195 1047 vide·

569 1075 693 1155 tur,
737 1072 882 1137 ideo
928 1072 1103 1136 1111110
1147 1072 1442 1138 affectum
1481 1073 1561 1137 ad
1608 1071 1995 1158 cupiditatis
2041 1073 2306 1139 affectus
2350 1073 2573 1138 refero.

1721 1208 2046 1274 XXXIII.

661 1321 1019 1388 AEmulatio
1085 1328 1182 1389 est
1241 1323 1514 1407 alicujus
1559 1324 1651 1387 rei
1697 1322 2046 1409 Cupiditas,
2091 1343 2236 1408 (111εο
2281 1321 2468 1388 nobis
2512 1325 2926 1408 ingeneratur
2969 1342 3053 1388 ex
3099 1343 3193 1406 eo,

574 1413 745 1497 quod
792 1414 951 1477 alios
993 1413 1259 1478 eandem
1305 1411 1732 1498 Cupiditatem
1779 1412 2012 1479 habere
2055 1414 2501 1497 imaginamur.

1595 1546 2177 1592 nxrn1cAr1o

659 1626 785 1704 Qui
835 1628 1018 1713 fugit,
1064 1630 1218 1713 quia
1261 1627 1422 1693 alios
1466 1626 1706 1713 fugere,
1753 1629 1855 1693 vel
1903 1631 2016 1713 qui
2060 1630 2260 1711 timet,
2307 1628 2461 1712 quia
2506 1626 2667 1692 alios
2712 1628 2938 1691 timere
2982 1627 3193 1707 videt3

569 1717 673 1781 vel
738 1719 928 1784 etiam
996 1717 1124 1801 ille,
1192 1719 1306 1801 qui
1366 1735 1450 1783 ex
1510 1736 1606 1800 00,
1652 1718 1824 1802 (111οᾶ
1885 1719 2168 1802 aliquem
2217 1736 2480 1782 manum
2526 1736 2714 1781 suam
2760 1714 3195 1781 combussisse

569 1806 762 1890 videt,
827 1826 1088 1871 manum
1158 1806 1241 1871 ad
1301 1825 1371 1871 se
1416 1807 1751 1889 contrahit,
1796 1825 2164 1892 corpusque
2209 1809 2440 1890 movet,
2485 1808 2672 1890 quasi
2717 1806 2926 1890 ipsius
2964 1825 3197 1870 manus

568 1895 1079 1977 combureretur3
1130 1915 1280 1961 eum
1326 1896 1563 1960 imitari
1610 1896 1871 1980 quidem
1916 1896 2182 1961 alterius
2226 1895 2546 1976 affectum,
2590 1895 2704 1960 sed
2749 1913 2878 1959 non
2918 1895 3195 1966 eundem

569 1985 858 2050 aemulari
903 1985 1224 2066 dicemus3
1274 2004 1406 2050 non
1453 1985 1608 2070 quia
1651 1984 1840 2050 aliam
1887 1986 2334 2068 aemulationis,
2369 1985 2562 2049 aliam
2600 1985 2976 2049 imitationis
3014 1986 3196 2048 novi-

570 2094 717 2139 mus
781 2093 1063 2157 causam,
1131 2074 1245 2139 sed
1313 2074 1467 2159 quia
1537 2094 1660 2140 usu
1727 2075 1971 2139 factum
2032 2080 2147 2156 est,
2207 2079 2284 2139 ut
2343 2074 2528 2139 illum
2588 2077 2845 2138 tantum
2887 2092 3194 2138 vocemus

570 2164 895 2247 aemulum,
944 2166 1058 2247 qui
1101 2164 1188 2247 id,
1233 2165 1406 2248 quod
1449 2164 1817 2246 honestum,
1861 2163 2036 2247 utile,
2082 2163 2185 2229 vel
2223 2163 2587 2247 jucundum
2626 2181 2769 2229 esse
2807 2162 3197 2247 judicamus,

568 2252 871 2318 imitatur.
917 2251 1237 2318 Caeterum
1284 2252 1365 2318 de
1408 2251 1869 2318 AEmulationis
1915 2272 2112 2318 causa
2148 2252 2296 2317 vide
2335 2252 2845 2337 Propositionem
2871 2253 2975 2316 27.
3000 2252 3196 2336 hujus

569 2341 780 2407 Partis
846 2361 998 2407 cum
1060 2344 1199 2426 ejus
1259 2340 1532 2407 Scholio.
1595 2340 1727 2407 Cur
1787 2346 2003 2408 autem
2049 2342 2201 2407 111110
2246 2341 2504 2408 affectui
2548 2343 2930 2426 plerumque
2970 2342 3199 2425 juncta

570 2432 653 2496 sit
696 2431 971 2515 Invidia,
1017 2432 1096 2497 de
1141 2451 1216 2497 00
1262 2431 1410 2497 vide
1453 2431 1964 2516 Propositionem
2013 2432 2117 2496 32.
2163 2431 2360 2515 hujus
2406 2450 2551 2496 cum
2598 2431 2883 2515 ejusdem
2922 2430 3195 2496 Scholio.

1715 2566 2035 2633 XXXIV.

661 2668 895 2736 Gratia
960 2688 1077 2736 seu
1148 2669 1490 2736 Gratitudo
1557 2675 1654 2736 est
1722 2668 2074 2755 Cupiditas,
2131 2688 2247 2736 seu
2294 2670 2556 2734 Amoris
2601 2669 2909 2751 studium,
2959 2690 3090 2755 quo
3137 2672 3198 2735 ei

570 2757 942 2824 benefacere
1008 2779 1335 2840 conamur,
1405 2761 1520 2844 qui
1579 2762 1644 2823 in
1708 2778 1828 2824 nos
1874 2761 2009 2844 pari
2056 2761 2294 2825 amoris
2337 2759 2568 2824 affectu
2615 2759 2998 2824 beneficium
3044 2779 3199 2824 con-

568 2849 736 2913 tulit.
794 2847 949 2915 Vide
994 2847 1190 2934 Prop.
1238 2849 1341 2913 39.
1386 2869 1528 2913 cum
1574 2847 1769 2914 Schol.
1816 2847 2013 2931 Prop.
2060 2848 2164 2914 41.
2210 2847 2418 2934 hujus.

1739 2986 2026 3052 XXXV.

657 3099 1103 3166 Benevolentia
1161 3104 1261 3167 est
1320 3098 1652 3185 Cupiditas
1698 3099 2137 3166 benefaciendi
2182 3102 2259 3184 ei,
2305 3101 2492 3184 cujus
2537 3119 2656 3164 nos
2702 3101 2979 3165 miseret.
3039 3098 3200 3165 Vide

570 3186 765 3256 schol.
812 3188 1010 3276 Prop.
1058 3188 1163 3254 27.
1208 3188 1419 3274 huju-3.
1723 3277 2028 3343 XXXVI

655 3391 775 3456 Ira
839 3397 936 3458 est
1006 3390 1357 3477 Cupiditas,
1424 3412 1553 3477 qua
1620 3410 1705 3458 ex
1768 3390 1932 3457 Odio
1993 3393 2343 3457 incitamur
2389 3392 2470 3456 ad
2516 3391 2628 3475 illi,
2676 3409 2870 3477 quem
2917 3391 3199 3475 odimus,

570 3481 812 3546 malum
855 3480 1279 3547 inferendum.
1337 3480 1495 3547 Vide
1539 3479 1737 3564 Prop.
1784 3481 1889 3546 39.
1934 3479 2147 3566 hujus.

1714 3616 2069 3685 XXXVII.

668 3731 973 3798 Vindicta
1015 3737 1112 3798 est
1158 3731 1509 3817 Cupiditas,
1553 3752 1682 3817 qua
1729 3751 1814 3797 ex
1859 3734 2183 3818 reciproco
2222 3731 2385 3797 Odio
2426 3733 2825 3798 concitamur
2848 3732 3196 3798 admalum

567 3822 975 3887 inferendum
1036 3823 1113 3904 ei,
1161 3824 1273 3906 qui
1319 3820 1507 3886 nobis
1553 3823 1691 3906 pari
1736 3822 1965 3887 affectu
2014 3822 2321 3887 damnum
2366 3823 2603 3889 intulit.
2661 3822 2818 3889 Vide
2862 3823 2922 3887 2.
2971 3821 3197 3889 Coroll.

568 3909 766 3996 Prop.
813 3911 917 3976 40.
963 3909 1156 3996 hm‘us
1196 3930 1336 3976 cum
1379 3911 1656 3994 ejusdem
1700 3909 1896 3977 Schol.

1687 4047 2073 4114 XXXVIII.
2151 4043 2155 4048 ⁴

661 4159 1018 4228 Crudelitas
1060 4180 1177 4228 seu
1222 4160 1480 4227 Saevitia
1524 4166 1622 4228 est
1666 4161 2016 4248 Cupiditas,
2055 4183 2183 4248 qua
2206 4165 2445 4248 aliquis
2469 4166 2826 4230 concitatur
2846 4166 2927 4230 ad
2953 4164 3196 4229 malum

568 4252 974 4317 inferendum
1020 4253 1098 4335 ei,
1145 4270 1339 4336 quem
1384 4270 1696 4335 amamus,
1742 4253 1847 4318 vel
1892 4254 2080 4336 cujus
2126 4272 2258 4317 non
2308 4256 2584 4319 miseret.

1583 4384 2167 4433 EXPLIGATIO.

659 4464 1032 4531 Crudelitati
1098 4467 1441 4551 opponitur
1510 4464 1879 4549 Clementia,
1949 4487 2097 4552 quae
2166 4469 2377 4553 passio
2446 4486 2577 4531 non
2645 4472 2758 4552 est,
2820 4466 2934 4533 sed
2998 4467 3196 4531 animi

567 4558 871 4639 potentia,
917 4575 1046 4640 quo
1091 4556 1280 4621 homo
1325 4556 1488 4620 iram
1532 4560 1597 4621 et
1642 4557 1992 4621 vindictam
2039 4558 2424 4622 moderatur.

1716 4687 2109 4760 XXXIX·

654 4807 871 4873 Timor
914 4813 1014 4874 est
1059 4806 1387 4893 Cupiditas
1435 4809 1664 4892 majus,
1710 4809 1886 4893 quod
1933 4809 2302 4893 metuimus,
2348 4809 2587 4874 malum
2636 4806 2881 4872 minore
2930 4806 3189 4872 vitandi.

579 4895 735 4965 Vide
778 4896 974 4965 Schol.
1018 4896 1216 4983 Prop.
1264 4897 1368 4963 39.
1413 4895 1621 4983 hujus.
