3609 5642
553 514 637 579 80
1577 528 1824 575 umens
1866 529 2022 576 nas
2064 530 2150 575 111.

1504 716 2220 764 DEMoNSTRATIO.

639 800 945 885 Sequitur
985 799 1123 862 haeo
1167 796 1526 881 Propositio
1573 816 1656 864 ex
1702 797 2149 884 Propositione
2196 799 2320 884 23,
2368 803 2439 864 ut
2483 800 2848 884 praeoedens
2896 818 2980 865 ex
3016 799 3177 864 Pro-

549 891 865 974 positione
911 888 1015 952 21.
1061 887 1274 971 hujus.

741 989 747 996 ·
1622 994 1654 1040 s
1679 994 1713 1040 c
1733 996 1778 1040 Η
1800 995 1839 1041 o
1863 996 1902 1041 L
1920 995 1945 1040 1
1965 995 2010 1041 u
2030 996 2094 1042 Η.

636 1077 760 1144 His
803 1078 1117 1160 videmus,
1158 1075 1347 1143 facile
1391 1075 1778 1162 contingere,
1823 1081 1897 1143 ut
1940 1078 2134 1143 homo
2180 1077 2260 1144 de
2304 1097 2375 1145 se
2420 1078 2631 1163 deque
2673 1096 2745 1144 re
2774 1081 2985 1144 amata
3019 1076 3173 1162 plus

542 1169 739 1252 justo,
804 1171 869 1233 et
934 1171 1154 1231 eontra
1221 1165 1300 1232 de
1342 1183 1431 1248 re,
1478 1184 1670 1249 quam
1718 1166 1870 1250 odit,
1915 1169 2136 1232 minus
2171 1168 2352 1251 justo
2398 1170 2665 1250 sentiat3
2716 1187 2861 1251 quae
2909 1166 3175 1252 quidem

548 1256 940 1341 imaginatio,
1009 1255 1268 1339 quando
1335 1255 1549 1338 ipsum
1620 1254 1943 1321 hominem
2010 1258 2289 1341 respicit,
2358 1258 2472 1341 qui
2538 1258 2618 1322 de
2681 1275 2751 1322 se
2811 1257 2958 1341 plus
2994 1257 3175 1339 justo

550 1349 764 1428 sentit,
807 1343 1115 1430 Superbia
1160 1348 1444 1426 vocatur,
1489 1348 1554 1408 et
1591 1345 1837 1428 speeies
1875 1342 2101 1410 Delirii
2138 1351 2253 1429 est,
2292 1348 2447 1430 quia
2481 1346 2674 1410 homo
2699 1345 2905 1411 oeulis
2928 1345 3173 1429 apertis
3203 1364 3208 1369 ⁴

551 1437 845 1517 somniat,
889 1453 959 1500 se
1002 1434 1217 1498 omnia
1259 1432 1371 1496 illa
1414 1450 1620 1515 posse,
1666 1452 1813 1517 quae
1852 1434 1990 1499 sola
2010 1436 2467 1520 imaginatione
2489 1436 2875 1519 assequitur,
2899 1452 3177 1520 quaeque

549 1529 881 1609 propterea
940 1523 1140 1588 veluti
1193 1521 1393 1587 realia
1439 1522 1926 1606 contemplatur,
1969 1523 2182 1607 iisque
2226 1523 2493 1606 exultat,
2539 1524 2851 1609 quamdiu
2898 1543 2974 1589 ea
3016 1525 3176 1587 ima-

546 1615 758 1698 ginari
800 1632 932 1678 non
976 1615 1202 1696 potest,
1247 1629 1393 1695 quae
1436 1611 1668 1675 horum
1717 1613 2126 1677 existentiam
2175 1612 2536 1695 secludunt,
2582 1617 2646 1679 et
2688 1613 2898 1697 ipsius
2944 1611 3178 1696 agendi

549 1703 893 1787 potentiam
963 1700 1405 1766 determinant.
1469 1697 1593 1764 Est
1660 1701 1860 1785 igitur
1923 1697 2227 1786 Superbia
2271 1700 2527 1767 Laetitia
2572 1722 2651 1768 ex
2693 1721 2761 1768 eo
2803 1707 2959 1780 orta,
3006 1699 3180 1789 quod

547 1790 723 1858 homo
788 1790 864 1856 de
919 1809 985 1854 se
1041 1789 1191 1874 plus
1227 1790 1404 1872 justo
1447 1788 1652 1854 sentit.
1696 1786 1949 1856 Deinde
1993 1789 2267 1875 Loetitia,
2312 1810 2459 1879 quoe
2501 1812 2579 1856 ex
2622 1810 2688 1856 eo
2731 1791 2956 1875 oritur,
3009 1789 3183 1876 qaod

546 1880 721 1946 homo
784 1879 860 1945 de
924 1878 1052 1944 alio
1112 1877 1260 1964 plus
1314 1879 1495 1962 justo
1559 1876 1763 1961 sentit,
1822 1878 2223 1946 Existimatio
2278 1886 2578 1963 vocatur,
2626 1885 2689 1946 et
2733 1881 2846 1946 illa
2893 1881 3175 1964 denique

549 1964 907 2054 Despectus,
951 1987 1095 2054 quoe
1136 1988 1214 2034 ex
1257 1986 1325 2032 eo
1369 1966 1598 2051 oritur,
1640 1967 1814 2052 qaod
1852 1967 1929 2033 de
1971 1969 2098 2035 alio
2138 1969 2352 2035 minus
2385 1971 2563 2054 justo
2607 1970 2816 2036 sentit.

1329 2090 2028 2160 PROPOSITIO
2119 2094 2402 2160 XXVII.

637 2205 747 2271 Ex
812 2226 896 2287 ee,
963 2205 1132 2291 quod
1191 2225 1325 2271 rem
1390 2205 1566 2271 nobis
1629 2205 1908 2285 similem,
1975 2211 2035 2271 et
2100 2226 2295 2293 qaam
2352 2207 2528 2273 nullo
2588 2209 2825 2293 affectu
2865 2207 3180 2292 prosecuti

546 2316 783 2381 sumus,
824 2294 1040 2380 aliquo
1082 2296 1318 2380 affectu
1361 2294 1544 2380 affici
1583 2294 2026 2381 imayinamur,
2060 2316 2129 2362 eo
2163 2298 2298 2381 ipso
2334 2296 2531 2362 simui
2564 2298 2805 2382 affeetu
2827 2296 3176 2381 afficimur.

1500 2428 2221 2475 nnuoxsrsxr1a

636 2509 877 2577 Rerum
942 2511 1256 2595 imagines
1324 2516 1479 2575 sunt
1547 2509 1847 2596 Corporis
1915 2512 2180 2576 humani
2249 2511 2632 2595 affectiones,
2694 2531 2968 2596 quarum
3013 2510 3177 2575 ideae

550 2619 815 2684 corpora
875 2606 1139 2665 externa
1186 2599 1386 2665 veluti
1431 2598 1616 2664 nobis
1662 2602 2002 2685 praesentia
2045 2604 2505 2685 repraesentant
2548 2605 2698 2686 (per
2742 2599 2939 2665 Sahal.
2985 2599 3175 2684 Prop.

551 2690 655 2754 17.
697 2709 760 2774 p.
807 2689 924 2771 2.);
989 2690 1112 2753 hoo
1157 2693 1254 2754 est
1294 2693 1434 2769 (per
1477 2687 1666 2769 Prop.
1714 2689 1817 2753 16.
1862 2710 1924 2774 p.
1970 2690 2053 2771 2.)
2101 2710 2373 2775 quarum
2420 2689 2583 2755 ideae
2628 2695 2923 2755 naturam
2971 2690 3177 2754 nostri

552 2778 866 2863 Corporis,
929 2783 992 2842 et
1050 2777 1245 2843 simul
1305 2782 1685 2862 praesentem
1731 2779 1984 2844 externi
2031 2780 2314 2863 corporis
2356 2783 2653 2844 naturam
2700 2779 3056 2843 involvunt.
3105 2777 3176 2842 Si

551 2868 750 2951 igitur
807 2868 1091 2950 eorporis
1151 2869 1402 2932 externi
1448 2872 1679 2932 natura
1722 2868 1954 2933 similis
2000 2869 2086 2933 sit
2130 2873 2376 2933 naturae
2420 2870 2624 2933 nostri
2670 2867 2987 2952 Corporis,
3031 2871 3174 2930 tum

549 2957 693 3021 idea
760 2957 1042 3040 corporis
1109 2957 1381 3037 externi,
1449 2956 1623 3040 quod
1690 2958 2142 3041 imaginamur,
2187 2957 2583 3022 affectionem
2630 2959 2835 3023 nostri
2882 2954 3176 3040 Corporis

550 3046 835 3111 involvet
878 3044 1153 3109 similem
1200 3045 1519 3109 affectioni
1566 3046 1850 3130 eorporis
1895 3048 2181 3126 externi3
2217 3051 2280 3117 et
2302 3052 2787 3131 consequenter,
2812 3048 2869 3111 si
2892 3046 3174 3128 aliquem

549 3134 738 3199 nobis
805 3134 1079 3200 similem
1147 3134 1365 3219 aliquo
1433 3134 1665 3200 affectu
1732 3134 2029 3200 affectum
2099 3136 2546 3220 imaginamur,
2604 3136 2744 3199 haee
2801 3135 3175 3219 imaginatio

552 3224 947 3288 affectionem
1014 3224 1219 3287 nostri
1285 3222 1583 3307 Corporis
1651 3223 1804 3288 huic
1865 3224 2121 3288 affectui
2167 3223 2441 3290 similem
2487 3226 2836 3309 exprimet,
2883 3223 3177 3307 adeoque

551 3332 636 3379 ex
703 3313 841 3395 hoo,
901 3312 1076 3396 quod
1136 3330 1270 3377 rem
1316 3312 1599 3396 aliquam
1645 3311 1832 3377 nobis
1879 3313 2152 3378 similem
2201 3313 2417 3398 aliquo
2461 3314 2692 3378 affectu
2737 3311 2907 3377 affici
2949 3313 3178 3395 imagi-

552 3421 801 3482 namur,
866 3400 1064 3466 simili
1108 3419 1255 3466 oum
1302 3402 1440 3486 ipsa
1485 3401 1715 3466 affeetu
1760 3400 2093 3466 afficimur.
2143 3399 2332 3478 Quod
2376 3404 2433 3467 si
2478 3421 2614 3468 rem
2659 3401 2849 3467 nobis
2896 3401 3176 3466 similem

552 3491 698 3556 odio
767 3489 1132 3572 habeamus,
1197 3494 1464 3555 eatenus
1534 3490 1686 3574 (per
1728 3489 1917 3570 Prop.
1963 3491 2067 3554 23.
2114 3490 2329 3576 hujus)
2378 3493 2696 3557 contrario
2742 3490 2976 3557 affeetu
3022 3508 3172 3554 oum
3295 3550 3302 3555 ,

551 3580 692 3664 ipsa
737 3577 1112 3662 afficiemur,
1156 3598 1287 3643 non
1333 3583 1549 3644 autem
1597 3578 1808 3644 simili.
1860 3578 1928 3659 Q.
1973 3578 2054 3645 E.
2102 3578 2184 3644 D.

1627 3708 2099 3757 SGHOLIUM.

640 3789 800 3855 Haeo
881 3792 1221 3856 affectuum
1302 3791 1594 3871 imitatio,
1662 3792 1922 3874 quando
1990 3793 2071 3858 ad
2137 3792 2483 3858 Tristitiam
2554 3793 2843 3871 refertur,
2909 3799 3175 3858 vocatur

556 3877 1017 3945 Commiseratio
1060 3878 1158 3957 (de
1197 3898 1329 3965 qua
1372 3879 1509 3944 vide
1554 3876 1748 3946 Schol.
1796 3880 1984 3966 Prop.
2031 3881 2136 3945 22.
2178 3881 2432 3966 hujus);
2474 3883 2587 3946 sed
2624 3882 2702 3947 ad
2744 3882 3172 3967 Cupiditatem

552 3970 753 4035 relata
812 3967 1190 4052 AErnulatio,
1250 3988 1394 4053 quae
1454 3969 1722 4053 proinde
1766 3971 1926 4035 nihil
1974 3971 2151 4036 aliud
2193 3975 2301 4054 est,
2347 3991 2542 4056 quam
2584 3970 2860 4055 alicujus
2904 3971 3001 4036 rei
3047 3970 3173 4036 Ca-

549 4057 804 4141 piditas,
846 4078 987 4144 quoe
1028 4058 1101 4122 in
1144 4057 1321 4124 nobis
1364 4057 1772 4140 inqeneratur
1819 4079 1896 4123 ex
1937 4079 2022 4143 eo,
2065 4059 2234 4146 quod
2269 4057 2426 4125 alios
2461 4060 2637 4126 nobis
2657 4060 2889 4127 similes
2910 4060 3171 4126 eandem

558 4145 977 4236 Cupiditatem
1020 4146 1242 4213 habere
1284 4146 1723 4232 imayinamur.

1479 4267 2122 4315 coaonnxmun
2209 4249 2260 4315 Ι.

643 4346 712 4412 Si
756 4346 1054 4433 aliquem,
1099 4368 1289 4433 quem
1337 4348 1517 4413 nullo
1562 4350 1791 4415 affeetu
1830 4353 2152 4433 prosecuti
2190 4370 2436 4432 sumus,
2473 4351 2905 4435 imaginamur
2925 4349 3174 4415 Laetitia

555 4434 808 4503 afficere
866 4456 1001 4503 rem
1049 4437 1234 4503 nobis
1280 4438 1575 4520 similem,
1618 4439 1861 4504 Amore
1904 4458 2054 4524 erga
2098 4440 2373 4506 eundem
2422 4439 2793 4505 afficiemur.
2837 4439 2907 4505 Si
2952 4444 3173 4504 eontra

554 4525 828 4679 {pgidem
874 4527 1301 4612 imaginamur
1344 4527 1610 4593 eandem
1659 4526 1941 4593 Tristitia
1986 4528 2258 4613 afficere,
2304 4534 2524 4595 contra
2565 4526 2730 4593 Odio
2767 4547 2920 4613 erga
2956 4530 3172 4614 ipsum

663 4632 925 4680 olemur.

1522 4723 2242 4773 onnonsraxr1a

642 4790 800 4857 Haeo
868 4792 1093 4859 eodem
1159 4794 1346 4858 modo
1413 4812 1497 4859 ex
1563 4793 2008 4878 Propositione
2073 4795 2473 4881 praecedente
2543 4794 3038 4880 demonstratur,
3101 4814 3176 4860 ao

553 4881 912 4966 Propositio
958 4883 1060 4946 22.
1109 4882 1302 4967 hujus
1348 4901 1433 4947 ex
1476 4881 1921 4967 Propositione
1969 4885 2070 4949 21.
