3609 5642
1183 1488 2389 1712 ETHIoEs

1398 1852 1655 1928 PARS
1707 1852 2195 1948 SECUNDA,

642 2060 820 2158 DE
895 2063 1461 2164 NATURA
1533 2064 1698 2161 ΕΤ
1775 2061 2250 2163 ORIGIN
2252 2062 2331 2159 E
2406 2061 2695 2160 ΜΕΝ
2697 2060 2918 2161 TIS

486 2274 791 2375 Transeo
838 2311 981 2394 jam
1039 2312 1128 2377 ad
1192 2333 1267 2378 ea
1310 2312 1694 2396 explicanda,
1739 2332 1883 2399 quoe
1924 2333 2000 2378 ex
2043 2311 2184 2396 Dei,
2228 2312 2354 2378 sive
2396 2311 2589 2377 Entis
2635 2312 2856 2376 oeterni
2900 2316 2958 2376 et
3000 2311 3097 2376 in-

472 2397 663 2482 finiti,
729 2402 997 2466 essentia
1059 2404 1402 2468 necessario
1445 2402 1792 2468 debuerunt
1832 2403 2023 2505 sequi.
2067 2402 2212 2468 Non
2256 2401 2505 2488 quidem
2549 2402 2795 2480 omnia,·
2840 2401 3097 2482 infinita

470 2489 629 2554 enim
671 2489 950 2571 infinitis
988 2491 1187 2556 modis
1228 2512 1305 2557 ex
1345 2492 1490 2576 ipsa
1533 2492 1745 2557 debere
1786 2492 1965 2578 sequi
2006 2490 2199 2576 Prop.
2247 2492 2352 2555 16.
2390 2491 2578 2556 Part.
2614 2491 2676 2555 1.
2713 2491 3095 2555 demonstra·

469 2579 710 2645 vimus:
753 2579 864 2644 sed
906 2600 979 2644 ea
1021 2581 1415 2664 solummodo,
1451 2601 1595 2667 quoe
1631 2601 1747 2646 nos
1792 2581 1882 2646 ad
1924 2580 2169 2646 Mentis
2211 2580 2521 2663 humanoe,
2559 2581 2814 2665 ejusque
2834 2599 3094 2645 summae

470 2667 892 2752 beatitudinis,
935 2669 1335 2753 cognitionem
1378 2671 1562 2756 quasi
1604 2691 1802 2736 manu
1851 2670 2077 2736 ducere
2118 2675 2398 2757 possunt.

1352 2805 2211 2873 DEFINI‘I'IONES.

558 2919 610 2984 I.
668 2919 794 2986 Per
837 2939 1069 3005 corpus
1112 2922 1401 3006 intelligo
1445 2921 1727 3004 modum,
1772 2924 1887 3006 qui
1931 2920 2055 2987 Dei
2098 2923 2460 3003 essentiam,
2507 2925 2827 3005 quatenus
2874 2925 2947 2985 ut
2990 2939 3094 2986 res

470 3015 736 3162 {intensa
779 3009 1236 3094 consideratur,
1281 3017 1455 3076 certo
1499 3016 1562 3077 et
1607 3012 2022 3077 determinato
2072 3010 2259 3075 modo
2306 3011 2642 3095 exprimit,
2691 3009 2814 3075 vid.
2868 3007 3086 3075 Coroll.

534 3116 648 3181 rop
711 3099 1027 3162 25.1.

555 3186 638 3251 II.
686 3188 789 3252 Ad
836 3118 1179 3254 θξεθῑιιὶειω
1224 3189 1496 3271 alicujus
1542 3190 1634 3255 rei
1677 3189 1743 3253 id
1788 3190 2105 3274 pertinere
2151 3189 2308 3265 dico,
2356 3207 2484 3273 quo
2532 3187 2677 3252 dato
2723 3205 2825 3253 res
2872 3206 3091 3253 neces-

470 3279 637 3341 sario
703 3279 983 3361 ponitur,
1029 3282 1091 3342 et
1139 3296 1267 3361 quo
1315 3278 1567 3343 sublato
1613 3297 1718 3343 res
1763 3279 2123 3343 necessario
2169 3278 2447 3357 tollitur3
2494 3277 2599 3342 vel
2641 3276 2727 3359 id,
2773 3278 2913 3342 sine
2962 3296 3091 3360 quo

468 3383 589 3445 res,
634 3372 698 3430 et
743 3367 884 3431 vice
927 3385 1113 3431 versa
1160 3366 1335 3452 quod
1382 3369 1522 3432 sine
1565 3385 1652 3449 re,
1698 3386 1820 3432 nec
1865 3386 2006 3433 esse
2051 3386 2171 3432 nec
2216 3367 2468 3451 concipi
2513 3325 2738 3450 potest’.

556 3453 673 3518 III.
718 3453 846 3520 Per
889 3454 1096 3520 ideam
1141 3456 1429 3540 intelligo
1474 3455 1709 3522 Mentis
1748 3460 2148 3541 conceptum,
2186 3475 2380 3541 quem
2418 3454 2602 3521 Mens
2636 3453 2868 3519 format
2904 3473 3093 3539 prop-

471 3546 642 3608 terea
688 3544 863 3628 quod
907 3563 1011 3610 res
1057 3550 1155 3610 est
1198 3546 1501 3629 cogitans.

560 3755 716 3823 Dico
778 3757 991 3841 potius
1056 3763 1411 3842 conceptum
1477 3678 1669 3844 5ιῖοέ
1688 3678 2177 3843 Βέεἳσὲῃῖἰὶἵιὲηι,
2222 3758 2377 3844 quia
2415 3757 2828 3843 perceptionis
2870 3776 3092 3823 nomen

470 3845 755 3912 indicare
795 3846 1061 3929 videtum,
1103 3846 1385 3913 Mentem
1426 3847 1506 3913 ab
1549 3848 1775 3929 obiecto
1816 3849 1957 3933 pati
1969 3868 1993 3927 ,·
2036 3854 2103 3913 at
2145 3854 2475 3933 conceptus
2516 3847 2811 3912 actionem
2847 3846 3091 3912 Mentis

473 3938 815 4020 exprimere
856 3936 1119 4002 videtur.

558 4061 672 4125 IV.
715 4061 842 4129 Per
885 4063 1094 4127 ideam
1138 4061 1533 4147 adaequatam
1578 4062 1868 4147 intelligo
1905 4062 2135 4146 ideam,
2172 4083 2343 4148 quae,
2374 4068 2693 4148 quatenus
2729 4061 2800 4125 in
2843 4080 2913 4126 se
2948 4062 3092 4127 sine

472 4151 777 4217 relatione
835 4153 917 4217 ad
962 4151 1283 4216 obiectum
1329 4151 1786 4235 consideratur,
1833 4171 2057 4219 omnes
2105 4171 2270 4218 verse
2314 4153 2475 4218 ideoe
2521 4152 2933 4236 proprietates
2957 4151 3094 4217 sive

475 4238 1021 4311 denominationes
1066 4242 1445 4307 intrinsecas
1489 4240 1695 4305 habet.

1491 4383 2073 4430 nxrn1oar1a

565 4465 723 4533 Dico
786 4466 1179 4550 intrinsecas,
1238 4470 1315 4532 ut
1371 4465 1548 4531 illam
1591 4465 1925 4551 secundam,
1967 4486 2112 4552 quoe
2153 4465 2495 4533 extrinseca
2538 4449 2645 4551 est,
2689 4486 2903 4549 nempe
2946 4485 3088 4532 con-

479 4556 845 4622 venientiam
890 4556 1047 4622 ideae
1091 4575 1234 4621 cum
1277 4575 1392 4621 suo
1434 4555 1653 4621 ideato.

561 4684 639 4749 V.
684 4682 955 4750 Duratio
1000 4689 1098 4750 est
1140 4682 1474 4748 indefinita
1516 4681 1835 4748 existendi
1880 4683 2293 4747 continuatio.

563 4909 712 4977 Dico
771 4909 1195 4994 indefinitam,
1240 4910 1396 4997 quia
1426 4827 1954 4996 Ρεῖξὲεὲιῑηθΐαῗ
1975 4827 2292 4975 elegistentis
2334 4913 2641 4975 naturam
2684 4908 3093 4975 determinari
