3609 5642
1450 513 1532 558 nn
1574 513 1906 559 nmmum
1949 514 2226 558 numm
3033 496 3155 559 171

527 682 768 763 tentiae,
837 681 949 745 sed
1018 681 1206 746 etiam
1276 682 1573 745 essentiae
1632 685 1768 765 (per
1813 679 2010 765 Prop.
2056 680 2160 744 25.
2203 701 2264 765 p.
2313 679 2423 761 1.);
2481 699 2630 764 quae
2678 684 3008 765 propterea
3051 701 3166 766 per

530 771 737 853 ipsam
806 767 928 835 Dei
996 770 1336 835 essentiam
1406 772 1765 834 necessario
1830 769 2017 834 debet
2079 770 2327 854 concipi
2372 775 2508 853 (per
2555 769 2801 834 Aoeiom.
2848 769 2906 833 4.
2952 790 3013 854 p.
3061 770 3163 854 1.),

529 859 726 942 idque
794 864 1033 924 aeterna
1101 859 1377 943 quadam
1436 860 1816 924 necessitate
1874 864 2008 942 (per
2052 858 2246 943 Prop.
2294 857 2397 923 16.
2441 878 2503 942 p.
2552 859 2669 940 1.);
2727 859 2840 941 qui
2900 859 3161 943 quidem

531 953 880 1032 conceptus
940 949 1301 1013 necessario
1346 949 1414 1010 in
1460 945 1597 1012 Deo
1643 948 1781 1011 dari
1827 947 2013 1013 debet
2057 952 2191 1032 (per
2234 947 2424 1031 Prop.
2472 948 2533 1011 3.
2582 966 2642 1031 p.
2688 946 2788 1028 2.).
2838 945 2908 1026 Q.
2954 947 3030 1012 Ε.
3078 948 3161 1013 D.

1316 1082 2017 1149 PROPOSITIO
2109 1084 2362 1149 XXIII.

618 1198 811 1263 Mens
851 1199 1134 1264 humana
1175 1216 1307 1263 non
1347 1202 1542 1282 potest
1579 1218 1716 1262 eum
1760 1195 2029 1281 Corpore
2049 1197 2319 1264 absolute
2340 1197 2601 1281 destrui,
2624 1198 2733 1263 sed
2752 1200 2891 1283 ejus
2917 1197 3165 1284 aliquid

524 1295 826 1371 remanet,
869 1288 1033 1370 quod
1077 1294 1375 1353 aeternum
1420 1293 1525 1353 est.
1617 1341 1622 1346 .

1481 1407 2206 1453 nunonsrnxmo.

615 1476 693 1540 In
753 1475 890 1541 Deo
953 1478 1141 1541 datur
1186 1479 1546 1542 necessario
1593 1482 1940 1561 conceptus
1987 1497 2101 1542 seu
2147 1478 2307 1558 idea,
2354 1496 2497 1561 quae
2545 1475 2843 1561 Corporis
2891 1477 3160 1542 humani

530 1568 870 1631 essentiam
919 1567 1222 1649 exprimit
1263 1570 1399 1651 (per
1444 1565 1640 1650 Prop.
1684 1569 1914 1650 praee),
1962 1585 2109 1650 quse
2154 1570 2485 1650 propterea
2529 1566 2771 1649 aliquid
2795 1568 3158 1631 necessario

530 1659 647 1737 est,
691 1655 864 1739 quod
912 1655 994 1719 ad
1039 1656 1379 1720 essentiam
1427 1654 1664 1720 Mentis
1710 1656 2012 1719 humanae
2061 1657 2334 1739 pertinet
2380 1655 2516 1738 (per
2560 1653 2756 1738 Prop.
2805 1655 2907 1719 13.
2953 1675 3016 1739 p.
3056 1656 3160 1735 2.).

530 1742 654 1808 Sed
723 1744 927 1808 Menti
993 1744 1294 1808 humanae
1355 1745 1597 1808 nullam
1646 1744 2066 1827 durationem,
2113 1763 2261 1829 quae
2307 1748 2590 1827 tempore
2637 1743 2889 1809 definiri
2933 1749 3160 1828 potest,

530 1832 896 1915 tribuimus,
942 1834 1072 1898 nisi
1119 1838 1440 1918 quatenus
1488 1832 1783 1917 Corporis
1830 1835 2142 1898 actualem
2193 1834 2616 1913 existentiam,
2664 1852 2812 1917 quae
2836 1851 2948 1916 per
2973 1834 3161 1897 dura-

528 1923 766 1986 tionem
836 1922 1196 2006 explicatur
1267 1928 1329 1986 et
1396 1928 1677 2006 tempore
1745 1922 1996 1987 definiri
2054 1928 2281 2007 potest,
2328 1924 2662 2006 exprimit3
2716 1922 2836 1985 hoc
2885 1927 2981 1987 est
3027 1927 3160 2006 (per

534 2008 752 2076 Coroll.
798 2010 993 2095 Prop.
1042 2012 1100 2075 8.
1147 2031 1209 2096 p.
1255 2011 1359 2091 2.),
1426 2013 1553 2095 ipsi
1622 2011 2023 2076 durationem
2094 2031 2223 2075 non
2286 2010 2653 2092 tribuimus,
2710 2012 2840 2075 nisi
2887 2012 3159 2076 durante

530 2097 835 2184 Corpore·
885 2099 1046 2164 Cum
1094 2106 1308 2164 tamen
1354 2100 1600 2184 aliquid
1643 2101 2065 2165 nihilominus
2111 2101 2194 2165 sit
2239 2101 2326 2182 id,
2372 2101 2540 2184 quod
2593 2105 2833 2165 aeterna
2881 2100 3158 2183 quadam

526 2190 907 2254 necessitate
968 2202 1080 2273 per
1137 2189 1339 2273 ipsam
1385 2187 1508 2254 Dei
1554 2192 1895 2254 essentiam
1942 2191 2300 2273 concipitur
2344 2192 2478 2272 (per
2520 2187 2717 2272 Prop.
2763 2194 2995 2272 praee),
3039 2190 3160 2254 erit

527 2279 886 2444 πὸθοῗεῗὶο
955 2279 1075 2342 hoc
1142 2278 1405 2362 aliquid,
1467 2280 1643 2362 quod
1687 2279 1766 2342 ad
1812 2277 2048 2343 Mentis
2095 2280 2437 2343 essentiam
2484 2279 2777 2362 pertinet,
2823 2282 3156 2342 aeternum.

1605 2476 1638 2520 s
1662 2476 1697 2520 o
1719 2477 1763 2519 n
1785 2475 1824 2520 o
1847 2476 1886 2519 L
1904 2476 1928 2519 1
1948 2477 1994 2520 u
2014 2475 2076 2519 M.

613 2542 749 2625 Est,
818 2544 916 2607 uti
985 2543 1291 2625 diximus,
1355 2544 1495 2608 haec
1563 2546 1725 2626 idea,
1792 2563 1940 2628 quae
2010 2543 2306 2628 Corporis
2367 2544 2707 2608 essentiam
2774 2542 2896 2608 sub
2945 2544 3157 2627 specie

526 2634 898 2697 aeternitatis
944 2634 1265 2716 exprimit,
1310 2638 1525 2697 certus
1573 2634 1898 2717 cogitandi
1944 2634 2192 2711 modus
2239 2634 2352 2717 qui
2398 2634 2480 2696 ad
2523 2631 2760 2697 Mentis
2810 2634 3153 2697 essentiam

523 2723 817 2804 pertinet,
885 2722 1128 2806 quique
1196 2725 1554 2787 necessario
1623 2727 1907 2787 aeternus
1976 2728 2090 2788 est.
2157 2721 2292 2786 Neo
2361 2726 2578 2786 tamen
2623 2720 2763 2785 fieri
2805 2726 3033 2805 potest,
3080 2726 3157 2786 ut

523 2810 935 2875 recordemur
978 2830 1100 2875 nos
1144 2816 1292 2876 ante
1340 2808 1589 2896 Corpus
1636 2813 1978 2894 exstitisse,
2024 2811 2547 2895 quandoquidem
2592 2828 2711 2874 nec
2755 2811 2827 2873 in
2875 2809 3153 2895 Corpore

525 2899 660 2962 ulla
726 2901 867 2982 ejus
928 2901 1198 2983 vestigia
1261 2900 1416 2982 dari,
1459 2920 1578 2965 nec
1626 2902 1946 2965 aeternitas
1991 2905 2275 2984 tempore
2341 2900 2613 2981 definiri,
2657 2918 2775 2964 nec
2822 2899 3023 2963 ullam
3073 2900 3153 2963 ad

522 2992 777 3071 tempus
836 2988 1206 3053 relationem
1250 2988 1483 3055 habere
1527 2993 1749 3073 potest.
1794 2992 1885 3053 At
1928 2990 2349 3054 nihilominus
2396 2991 2710 3054 sentimus
2757 2989 3155 3071 experimur-

525 3095 669 3161 que,
736 3095 855 3140 nos
924 3082 1198 3142 aeternos
1266 3096 1423 3142 esse.
1490 3077 1659 3142 Nam
1718 3077 1904 3143 Mens
1948 3098 2080 3142 non
2126 3080 2343 3142 minus
2388 3098 2493 3142 res
2536 3077 2681 3141 illas
2729 3078 2943 3158 sentit,
2990 3097 3154 3162 quas

523 3165 940 3250 intelligendo
988 3168 1283 3251 concipit,
1328 3187 1520 3251 quam
1570 3186 1730 3251 quas
1775 3169 1846 3230 in
1891 3168 2198 3231 memoria
2236 3166 2443 3231 habet.
2483 3165 2720 3231 Mentis
2767 3168 2937 3231 enim
2965 3167 3155 3249 oculi,

524 3254 763 3337 quibus
829 3273 933 3320 res
998 3255 1175 3319 videt
1241 3254 1684 3341 observatque,
1750 3260 1907 3320 sunt
1973 3258 2131 3340 ipsae
2200 3256 2789 3320 demonstrationes.
2840 3253 3152 3330 Quamvis

521 3343 743 3427 itaque
812 3362 943 3407 non
1008 3344 1441 3427 recordemur,
1500 3365 1620 3410 nos
1681 3349 1830 3409 ante
1874 3343 2120 3428 Corpus
2167 3346 2512 3425 exstitisse,
2558 3345 2874 3408 sentimus
2921 3349 3154 3428 tamen,

522 3430 803 3497 Mentem
870 3437 1175 3516 nostram,
1235 3439 1559 3517 quatenus
1618 3433 1915 3518 Corporis
1961 3436 2303 3513 essentiam
2350 3431 2472 3498 sub
2518 3434 2892 3497 aeternitatis
2939 3435 3152 3516 specie

521 3522 814 3603 involvit,
860 3526 1160 3586 aeternam
1210 3541 1367 3605 esse,
1414 3528 1476 3587 et
1521 3524 1685 3587 hanc
1730 3525 1869 3605 ejus
1917 3524 2324 3587 existentiam
2370 3527 2654 3606 tempore
2699 3521 2973 3604 definiri,
3011 3524 3150 3589 sive

522 3627 636 3694 per
698 3610 1100 3676 durationem
1150 3612 1478 3695 explicari,
1523 3631 1655 3676 non
1701 3631 1906 3696 posse.
1954 3611 2138 3677 Mens
2184 3613 2387 3696 igitur
2429 3617 2649 3676 nostra
2696 3617 2964 3676 eatenus
3011 3616 3148 3675 tan-

521 3702 661 3762 tum
705 3704 913 3783 potest
957 3699 1083 3764 dici
1130 3700 1376 3781 durare,
1421 3702 1693 3785 ejusque
1738 3703 2078 3765 existentia
2115 3706 2286 3765 certo
2326 3706 2607 3784 tempore
2647 3699 2900 3764 definiri
2924 3704 3155 3785 potest,

524 3792 841 3871 quatenus
909 3789 1221 3853 actualem
1289 3787 1586 3873 Corporis
1649 3791 2054 3854 existentiam
2116 3790 2425 3870 involvit3
2472 3793 2535 3854 et
2580 3793 2848 3854 eatenus
2894 3793 3149 3853 tantum

519 3879 866 3959 potentiam
928 3877 1116 3943 habet
1157 3896 1375 3943 rerum
1425 3879 1832 3944 existentiam
1880 3883 2162 3963 tempore
2209 3879 2693 3961 determinandi,
2738 3897 2979 3962 easque
3026 3878 3149 3943 sub

522 3964 857 4032 duratione
904 3967 1325 4051 concipiendi.

1312 4079 2010 4145 PROPOSITIO
2101 4079 2351 4144 XXIV.

612 4176 747 4258 Quo
788 4180 992 4264 maqis
1033 4200 1130 4245 res
1171 4179 1527 4263 simulares
1569 4180 1989 4265 intelliyimus,
2033 4200 2099 4246 eo
2145 4181 2347 4266 mayis
2383 4178 2592 4245 Deum
2643 4178 3067 4264 intelliyimuS.

1480 4301 2178 4347 nunonsrnxr1o

609 4373 782 4452 patet
825 4388 909 4434 ex
955 4368 1183 4435 Coroll.
1229 4370 1421 4456 Prop.
1469 4372 1574 4434 25.
1619 4392 1679 4456 p.
1727 4372 1784 4435 1.

1329 4476 2022 4562 ΡΒΟΡΟΒἾΤῙΟ
2109 4496 2327 4583 XXV.

607 4592 905 4659 Summus
970 4595 1215 4662 Mentis
1279 4602 1542 4663 conatus
1607 4618 1975 4684 summaque
2017 4600 2221 4664 virtus
2265 4606 2373 4683 est,
2417 4619 2518 4664 res
2562 4597 2912 4683 intelliyere
2958 4600 3139 4664 tertio

518 4684 890 4766 coynitionis
929 4705 1165 4767 yenere.
1607 4721 1612 4728 ⁴

1463 4795 2178 4842 onnonsrnxr1o

604 4860 887 4927 Tertium
954 4864 1340 4948 cognitionis
1406 4884 1613 4950 genus
1673 4866 1957 4950 procedit
2016 4865 2097 4931 ab
2157 4867 2494 4952 adaequata
2538 4866 2683 4932 idea
2730 4864 3142 4951 quorundam
