3609 5642
1660 501 1742 546 nn
1783 502 2003 548 mm.
3059 482 3140 547 61

512 669 860 734 consistere
908 669 979 732 in
1024 665 1434 752 imaginibus,
1481 688 1628 752 quae
1672 670 1743 733 in
1788 668 1976 735 nobis
2024 688 2106 735 ex
2153 688 2493 753 corporum
2542 687 2817 733 occursu
2863 667 3143 733 forman-

510 760 635 839 tur,
682 757 808 822 sibi
852 757 1255 841 persuadent,
1298 757 1473 822 ideas
1517 758 1663 822 illas
1708 777 1947 842 rerum,
1994 778 2268 843 quarum
2315 759 2591 823 similem
2630 757 2876 821 nullam
2917 759 3142 843 imagi-

512 863 656 909 nem
704 845 981 911 formare
1026 866 1391 929 possumus,
1435 865 1567 910 non
1615 865 1756 911 esse
1801 847 1998 927 ideas,
2043 847 2156 913 sed
2202 852 2454 912 tantum
2501 845 2823 931 figmenta,
2871 866 3017 930 quae
3057 866 3142 912 ex

513 933 709 999 libero
756 936 1108 1000 voluntatis
1154 935 1416 1000 arbitrio
1460 936 1799 1020 fingimus3
1840 936 2018 1002 ideas
2057 939 2255 1021 igitur
2293 938 2496 1001 veluti
2517 938 2805 1020 picturas
2827 936 2895 999 in
2920 934 3141 1000 tabula

404 1052 407 1055 ·
510 1028 720 1089 mutas
787 1027 1126 1109 aspiciunt,
1194 1029 1274 1105 et,
1342 1025 1462 1088 hoc
1494 1025 1895 1108 praejudicio
1957 1028 2402 1109 praeoccupati,
2449 1043 2579 1089 non
2628 1024 2864 1100 vident,
2910 1024 3141 1106 ideam,

510 1117 830 1194 quatenus
876 1113 1018 1179 idea
1063 1118 1177 1195 est,
1223 1112 1708 1179 affirmationem
1755 1120 1867 1179 aut
1911 1117 2312 1200 negationem
2354 1113 2709 1178 involvere.
2735 1111 3000 1197 Deinde,
3026 1115 3139 1197 qui

510 1201 703 1266 verba
773 1202 1179 1267 confundunt
1245 1222 1392 1267 cum
1459 1203 1623 1284 idea,
1692 1203 1793 1268 vel
1855 1223 2005 1269 cum
2065 1207 2204 1289 ipsa
2264 1203 2705 1286 affirmatione,
2753 1221 2945 1286 quam
2994 1203 3138 1268 idea

507 1290 797 1374 involvit,
858 1296 1088 1376 putant
1146 1310 1217 1356 se
1262 1310 1450 1375 posse
1496 1295 1717 1356 contra
1758 1292 1845 1374 id,
1894 1293 2067 1376 quod
2116 1294 2421 1375 sentiunt,
2467 1292 2669 1373 velle3
2719 1291 2977 1375 quando
3024 1291 3138 1355 ali-

511 1380 668 1463 quid
727 1381 881 1445 solis
926 1380 1139 1446 verbis
1186 1385 1406 1445 contra
1449 1381 1535 1463 id,
1583 1380 1757 1466 quod
1804 1383 2111 1466 sentiunt,
2156 1381 2474 1446 affirmant
2518 1387 2632 1445 aut
2676 1384 2930 1465 negant.
2978 1378 3139 1445 Haec

508 1472 721 1534 autem
768 1470 1140 1554 praejudicia
1184 1488 1423 1534 exuere
1465 1470 1652 1534 facile
1696 1471 1752 1534 is
1797 1473 2058 1555 poterit,
2095 1472 2208 1555 qui
2253 1470 2332 1535 ad
2381 1475 2677 1535 naturam
2718 1468 3137 1553 Cogitationis

509 1558 794 1640 attendit,
843 1579 989 1643 quae
1032 1559 1451 1623 Extensionis
1498 1563 1880 1644 conceptum
1928 1561 2192 1625 minime
2235 1560 2527 1641 involvit,
2566 1562 2761 1645 atque
2782 1558 2941 1624 adeo
2964 1559 3138 1624 clare

507 1647 839 1731 intelliget,
907 1649 1115 1713 ideam
1184 1648 1731 1732 (quandoquidem
1802 1650 2034 1714 modus
2103 1648 2426 1734 cogitandi
2493 1649 2610 1728 est)
2673 1666 2886 1731 neque
2928 1648 2996 1710 in
3044 1650 3139 1713 rei

509 1736 784 1819 alicujus
850 1739 1152 1822 imagine,
1219 1755 1433 1821 neque
1498 1740 1568 1801 in
1636 1735 1850 1803 verbis
1911 1739 2279 1805 consistere.
2339 1736 2700 1803 Verborum
2747 1755 3031 1821 namque
3076 1743 3139 1802 et

506 1826 865 1910 imaginum
930 1826 1208 1891 essentia
1268 1847 1306 1890 a
1359 1826 1513 1892 solis
1560 1825 1841 1892 motibus
1888 1828 2209 1913 corporeis
2256 1826 2693 1909 constituitur,
2737 1829 2854 1910 qui
2900 1827 3137 1910 cogita-

509 1915 703 1980 tionis
747 1921 1130 2000 conceptum
1177 1916 1442 1980 minime
1487 1915 1846 1980 involvunt.

598 2006 816 2088 Atque
883 2005 1023 2069 haec
1091 2023 1296 2089 pauca
1364 2004 1443 2069 de
1507 2005 1608 2070 his
1675 2006 2008 2070 monuisse
2069 2004 2379 2086 sufficiat3
2427 2022 2628 2089 quare
2669 2003 2751 2069 ad
2796 2003 3137 2089 praedictas

509 2091 894 2176 objectiones
953 2098 1227 2159 transeo.
1279 2091 1526 2158 Harum
1571 2094 1782 2178 prima
1827 2099 1943 2177 est,
1988 2094 2164 2178 quod
2209 2099 2503 2159 constare
2547 2097 2796 2179 putant,
2841 2092 3136 2157 volunta-

509 2185 633 2246 tem
681 2182 879 2247 latius
924 2199 994 2248 se
1040 2182 1387 2249 extendere
1432 2203 1624 2267 quam
1672 2183 2088 2266 intellectum,
2134 2188 2328 2267 atque
2366 2182 2525 2248 adeo
2562 2181 2641 2247 ab
2681 2182 2903 2247 eodem
2928 2181 3134 2248 diver-

509 2288 643 2335 sam
713 2291 870 2337 esse.
940 2270 1126 2336 Ratio
1187 2276 1421 2355 autem,
1489 2291 1607 2336 cur
1664 2277 1913 2356 putant,
1973 2273 2374 2338 voluntatem
2433 2271 2630 2337 latius
2676 2291 2746 2337 se
2792 2271 3136 2337 extendere

510 2379 704 2444 quam
750 2361 1172 2443 intellectum,
1216 2366 1329 2444 est,
1377 2363 1531 2445 quia
1567 2380 1637 2427 se
1677 2362 1957 2446 experiri
1995 2363 2195 2445 ajunt,
2220 2381 2289 2427 se
2310 2380 2443 2427 non
2467 2363 2704 2444 majore
2726 2361 3137 2445 assentiendi,

507 2451 644 2514 sive
712 2449 1074 2514 affirmandi
1141 2454 1203 2515 et
1265 2451 1543 2534 negandi
1604 2450 1910 2516 facultate
1953 2451 2242 2536 indigere
2286 2451 2366 2515 ad
2410 2449 2681 2514 infinitis
2728 2450 2874 2515 aliis
2919 2447 3134 2533 rebus,

507 2558 667 2621 quas
734 2559 867 2602 non
935 2541 1342 2624 percipimus,
1402 2540 1906 2623 assentiendum,
1968 2560 2161 2624 quam
2202 2541 2334 2623 jam
2382 2538 2714 2621 habemus,
2758 2543 2824 2603 at
2871 2538 3131 2623 quidem

503 2630 739 2710 majore
804 2628 1106 2693 facultate
1164 2629 1580 2713 intelligendi.
1626 2627 2068 2714 Distinguitur
2112 2640 2263 2712 ergo
2311 2628 2611 2693 voluntas
2657 2627 2736 2692 ab
2782 2627 3132 2711 intellectu,

503 2717 674 2800 quod
741 2717 967 2782 finitus
1035 2718 1142 2781 hic
1210 2720 1311 2799 sit,
1371 2718 1480 2782 illa
1526 2723 1739 2783 autem
1770 2718 2057 2801 infinita.
2105 2716 2390 2783 Secundo
2433 2717 2620 2782 nobis
2668 2716 2860 2800 objici
2905 2721 3132 2800 potest,

505 2805 677 2889 quod
747 2808 1140 2891 experientia
1207 2807 1370 2870 nihil
1437 2807 1675 2872 clarius
1743 2807 2038 2872 videatur
2082 2807 2326 2890 docere,
2373 2826 2569 2890 quam
2615 2805 2790 2891 quod
2835 2809 3128 2870 nostrum

495 2895 812 2977 judicium
880 2914 1226 2979 possumus
1286 2896 1697 2980 suspendere,
1759 2914 1843 2961 ne
1901 2896 2114 2979 rebus,
2163 2916 2324 2980 quas
2370 2896 2779 2981 percipimus,
2824 2896 3128 2960 assentia-

502 3002 679 3064 mur;
730 2985 905 3068 quod
950 2985 1101 3048 hinc
1147 2987 1336 3049 etiam
1384 2984 1822 3068 confirmatur,
1871 2986 2044 3070 quod
2081 3004 2269 3051 nemo
2295 2985 2531 3050 dicitur
2554 2984 2783 3068 decipi,
2806 2988 3128 3067 quatenus

501 3073 745 3156 aliquid
813 3075 1098 3157 percipit,
1167 3074 1280 3138 sed
1341 3078 1594 3138 tantum
1641 3078 1963 3159 quatenus
2009 3076 2359 3139 assentitur
2404 3078 2517 3138 aut
2563 3073 2957 3139 dissentitur.
3004 3072 3126 3137 Ex.

498 3181 590 3245 gr.
662 3164 777 3246 qui
843 3181 1085 3245 equum
1147 3162 1382 3227 alatum
1447 3162 1648 3248 fingit,
1693 3182 1825 3228 non
1864 3163 2007 3229 ideo
2053 3164 2349 3229 concedit
2394 3162 2531 3227 dari
2577 3181 2816 3246 equum
2866 3161 3126 3245 alatum,

498 3251 618 3315 hoc
679 3256 792 3332 est,
839 3271 969 3315 non
1014 3252 1159 3316 ideo
1205 3251 1538 3336 decipitur,
1587 3253 1714 3317 nisi
1762 3253 1957 3317 simul
2002 3252 2326 3336 concedat,
2373 3251 2512 3316 dari
2557 3270 2797 3335 equum
2844 3251 3122 3332 alatum3

498 3340 657 3403 nihil
725 3341 924 3425 igitur
992 3340 1228 3405 clarius
1294 3341 1552 3406 videtur
1612 3342 1839 3406 docere
1884 3343 2296 3425 experientia,
2344 3360 2537 3425 quam
2585 3341 2758 3424 quod
2804 3340 3125 3423 voluntas,

498 3431 633 3493 sive
698 3428 969 3494 facultas
1028 3430 1437 3513 assentiendi,
1481 3430 1680 3495 libera
1725 3431 1826 3511 sit,
1873 3436 1936 3495 et
1981 3451 2019 3495 a
2062 3429 2362 3495 facultate
2405 3429 2804 3513 intelligendi
2852 3429 3123 3494 diversa.

499 3516 706 3582 Tertio
775 3518 966 3602 objici
1033 3523 1261 3604 potest,
1328 3519 1501 3604 quod
1564 3539 1695 3584 una
1754 3518 2092 3584 affirmatio
2139 3539 2270 3584 non
2316 3520 2464 3603 plus
2509 3519 2815 3584 realitatis
2862 3518 3122 3583 videtur

498 3608 824 3672 continere
896 3626 1090 3693 quam
1159 3608 1316 3688 alia3
1376 3609 1497 3672 hoc
1542 3612 1656 3693 est,
1702 3627 1834 3672 non
1880 3610 2119 3691 majore
2162 3610 2447 3692 potentia
2491 3608 2779 3693 indigere
2824 3606 3126 3672 videmur

497 3696 576 3759 ad
648 3695 1117 3779 affirmandum,
1156 3715 1408 3767 ,verum
1478 3716 1618 3764 esse
1677 3697 1763 3779 id,
1826 3698 1997 3781 quod
2058 3717 2284 3764 verum
2329 3701 2443 3780 est,
2490 3715 2687 3781 quam
2733 3696 2814 3760 ad
2858 3695 3123 3780 aliquid,

499 3785 672 3868 quod
716 3785 951 3851 falsum
999 3791 1114 3869 est,
1159 3804 1388 3851 verum
1435 3804 1576 3851 esse
1619 3785 2101 3868 affirmandum3
2151 3791 2216 3852 at
2261 3806 2456 3850 unam
2504 3786 2711 3851 ideam
2750 3786 2897 3870 plus
2935 3784 3120 3849 reali-

496 3874 661 3956 tatis,
707 3877 846 3940 sive
889 3874 1313 3961 perfectionis,
1360 3895 1554 3960 quam
1601 3877 1791 3941 aliam
1838 3873 2073 3941 habere
2117 3876 2542 3960 percipimus;
2590 3878 2906 3959 quantum
2946 3874 3117 3938 enim

495 3960 739 4045 objecta
804 3964 929 4029 alia
996 3964 1137 4029 aliis
1207 3967 1669 4049 praestantiora,
1736 3969 1989 4030 tantum
2058 3965 2247 4030 etiam
2312 3983 2535 4030 eorum
2578 3964 2738 4028 ideae
2786 3963 2930 4027 aliae
2975 3962 3119 4027 aliis

493 4051 900 4135 perfectiores
967 4057 1154 4134 sunt3
1224 4071 1308 4117 ex
1378 4053 1617 4137 quibus
1677 4055 1869 4119 etiam
1916 4058 2209 4119 constare
2253 4054 2509 4119 videtur
2553 4052 2908 4117 differentia
2952 4052 3120 4117 inter

492 4142 887 4206 voluntatem
942 4146 1007 4206 et
1049 4143 1464 4208 intellectum.
1514 4141 1756 4223 Quarto
1799 4141 1990 4226 objici
2035 4147 2260 4227 potest,
2304 4145 2362 4207 si
2407 4142 2595 4206 homo
2644 4160 2774 4206 non
2821 4145 3119 4225 operatur

492 4247 575 4294 ex
618 4229 912 4296 libertate
955 4231 1323 4313 voluntatis,
1369 4232 1523 4316 quid
1571 4251 1721 4318 ergo
1765 4232 1893 4309 fiet,
1939 4234 1996 4298 si
2039 4234 2109 4295 in
2150 4230 2509 4316 aequilibrio
2547 4231 2648 4314 sit,
2685 4235 2762 4296 ut
2800 4229 3118 4294 Buridani

492 4319 670 4383 asina
687 4319 719 4383 Ρ
775 4319 1028 4386 famene
1089 4325 1151 4386 et
1210 4322 1319 4386 siti
1361 4320 1640 4406 peribit?
1687 4321 1863 4406 quod
1908 4323 1964 4386 si
2009 4321 2371 4404 concedam,
2415 4320 2671 4385 viderer
2716 4320 2964 4385 asinam
3014 4320 3116 4384 vel

491 4408 767 4474 hominis
812 4414 1108 4491 statuam,
1152 4429 1284 4475 non
1330 4411 1653 4476 hominem
1699 4411 2067 4494 concipere3
2116 4411 2173 4474 si
2217 4414 2431 4475 autem
2469 4427 2717 4493 negem,
2755 4428 2909 4494 ergo
2948 4409 3116 4494 seip-

491 4515 637 4561 sum
700 4498 1163 4581 determinabit,
1209 4503 1272 4564 et
1317 4503 1785 4584 consequenter
1829 4499 2024 4565 eundi
2069 4499 2457 4581 facultatem,
2505 4502 2569 4563 et
2611 4498 2886 4564 faciendi
2933 4498 3115 4582 quic-

491 4586 650 4669 quid
715 4588 890 4671 velit,
955 4587 1164 4653 habet.
1233 4588 1474 4654 Praeter
1543 4590 1679 4653 haec
1747 4590 1874 4654 alia
1929 4589 2147 4654 forsan
2208 4592 2483 4672 possunt
2526 4586 2750 4672 objici;
2800 4587 2914 4653 sed
2960 4587 3115 4671 quia

488 4675 812 4741 inculcare
858 4696 989 4741 non
1034 4681 1271 4760 teneor,
1318 4678 1475 4762 quid
1524 4679 1977 4764 unusquisque
2022 4678 2340 4743 somniare
2384 4681 2610 4761 potest,
2649 4677 2729 4741 ad
2768 4677 2884 4741 has
2908 4675 3114 4759 objec-

493 4764 696 4830 tiones
741 4770 992 4831 tantum
1037 4766 1421 4850 respondere
1466 4767 1724 4851 curab0,
1767 4767 1968 4852 idque
2014 4787 2205 4851 quam
2250 4770 2470 4851 potero
2515 4763 2808 4831 breviter.
2847 4764 2932 4829 Et
2970 4766 3112 4848 qui-

494 4852 636 4918 dem
703 4855 784 4920 ad
840 4857 1118 4939 primam
1176 4855 1339 4940 dico,
1398 4875 1500 4922 me
1559 4857 1926 4942 concedere,
1969 4857 2366 4921 voluntatem
2409 4856 2603 4924 latius
2650 4873 2721 4920 se
2766 4854 3113 4920 extendere
3175 4858 3178 4861 ’
