3609 5642
1473 532 1554 576 nn
1598 531 1983 577 armemus.
2948 511 2984 573 7
2992 512 3031 574 3

410 696 620 761 Partis
686 698 1024 782 explicare,
1093 702 1165 762 ut
1233 698 1470 764 clarius
1536 699 1953 783 intelligatur,
2023 719 2152 783 qua
2216 700 2462 765 ratione
2528 699 2672 763 idea
2739 697 2902 762 1ᾶοεο
2948 697 3032 763 sit

416 788 747 850 contraria.

497 874 575 938 In
662 874 917 940 Scholio
1000 875 1464 959 Propositionis
1536 877 1636 939 17.
1704 875 1913 942 Partis
1983 879 2041 940 2.
2111 878 2527 959 ostendimus,
2592 876 2819 957 ideam,
2887 894 3031 958 quae

411 962 646 1028 Mentis
712 965 1054 1029 essentiam
1124 966 1474 1049 constituit,
1543 964 1840 1050 Corporis
1911 966 2317 1031 existentiam
2379 966 2625 1031 tamdiu
2684 964 3032 1043 involvere,

412 1054 718 1137 quamdiu
764 1054 977 1137 ipsum
1027 1051 1275 1138 Corpus
1321 1056 1559 1119 existit.
1605 1052 1855 1120 Deinde
1899 1074 1983 1119 ex
2028 1057 2129 1139 iis,
2175 1075 2322 1139 quse
2367 1057 2437 1119 in
2484 1053 2714 1119 Coroll.
2762 1053 2948 1137 Prop.
2989 1054 3030 1115 8

410 1141 576 1206 Part.
625 1144 683 1206 2.
732 1147 796 1207 et
838 1143 906 1206 in
953 1141 1238 1224 ejusdem
1284 1142 1491 1207 Schol.
1538 1143 1959 1227 ostendimus,
2005 1146 2317 1228 sequitur,
2364 1150 2746 1229 praesentem
2792 1147 3029 1206 nostrae

410 1229 646 1296 Mentis
713 1231 1122 1296 existentiam
1195 1230 1274 1296 ab
1342 1234 1462 1296 hoc
1531 1234 1666 1297 solo
1735 1233 2032 1317 pendere,
2102 1233 2275 1317 quod
2336 1252 2421 1297 sc.
2486 1231 2669 1298 Mens
2716 1231 3030 1296 actualem

412 1318 708 1404 Corporis
755 1321 1159 1385 existentiam
1206 1322 1494 1385 involvit.
1539 1319 1839 1405 Denique
1886 1321 2121 1387 Mentis
2164 1324 2529 1407 potentiam,
2578 1340 2707 1405 qua
2751 1321 2891 1405 ipsa
2927 1337 3032 1383 res

411 1410 799 1578 {aedagizatur
851 1427 1214 1563 ῗέ101ἔ1011ἒο
1281 1411 1668 1562 1·οΞ01113101,
1694 1500 1708 1513 .
1728 1409 1808 1474 ab
1830 1412 2009 1566 8211?AE
2020 1500 2034 1514 ι
2055 1413 2245 1476 etiam
2287 1411 2584 1564 (pendere
2617 1409 3031 1563 ι0351111103103

544 1519 802 1562 .r.
939 1519 1031 1563 ‚e
1192 1519 1782 1564 ...cumas
2008 1519 2067 1565 10
2198 1519 2283 1564 uo
2365 1516 3032 1564 1331100οω01·-

413 1589 586 1670 poris
652 1517 1062 1652 Osstentiam
1128 1516 1418 1652 invglvit.
1487 1588 1591 1652 Ex
1649 1520 1902 1673 equibus
1971 1505 2281 1672 segfii‘tlur,
2347 1520 2584 1654 hfentis
2650 1590 3027 1671 proesentem

414 1678 818 1741 existentiam
865 1678 1138 1760 ejusque
1180 1678 1576 1761 imaginandi
1621 1680 1969 1762 potentiam
2017 1679 2171 1760 tolli,
2217 1679 2607 1761 simulatque
2650 1675 2835 1740 Mens
2873 1694 3032 1759 prae-

413 1769 660 1830 sentem
730 1764 1025 1850 Corporis
1091 1767 1498 1831 existentiam
1560 1766 1876 1832 affirmare
1946 1767 2194 1832 desinit.
2256 1769 2345 1831 At
2405 1785 2618 1850 causa,
2678 1784 2797 1830 cur
2843 1763 3028 1829 Mens

411 1854 576 1918 hanc
623 1852 919 1939 Corporis
965 1856 1372 1919 existentiam
1418 1855 1735 1920 affirmare
1781 1855 2034 1939 desinit,
2078 1876 2209 1920 non
2255 1860 2463 1940 potest
2506 1873 2647 1920 esse
2685 1855 2825 1937 ipsa
2847 1852 3031 1918 Mens

412 1949 558 2021 (per
603 1942 796 2027 Prop.
842 1942 901 2006 4.
944 1941 1179 2026 hujus),
1238 1963 1358 2009 nec
1403 1946 1613 2027 etiam,
1660 1945 1835 2029 quod
1884 1943 2129 2029 Corpus
2176 1963 2317 2010 esse
2363 1944 2613 2009 desinit.
2659 1941 2823 2007 Nam
2878 1944 3031 2025 (per

411 2029 612 2116 Prop.
661 2032 719 2095 6.
763 2052 824 2117 p.
872 2032 957 2111 2.)
1026 2052 1237 2113 causa,
1306 2052 1424 2098 cur
1489 2032 1674 2099 Mens
1745 2032 2044 2118 Corporis
2104 2034 2508 2098 existentiam
2556 2031 2850 2114 affirmat,
2896 2049 3028 2094 non

398 2126 526 2202 est,
595 2123 749 2205 quia
816 2120 1062 2205 Corpus
1129 2123 1405 2187 existere
1464 2124 1736 2208 incepit:
1804 2141 2022 2206 quare,
2066 2141 2180 2207 per
2224 2121 2491 2188 eandem
2538 2122 2869 2202 rationem,
2914 2138 3031 2184 nec

412 2211 618 2293 ipsius
664 2209 960 2294 Corporis
1006 2212 1414 2276 existentiam
1460 2210 1775 2277 affirmare
1820 2212 2075 2295 desinit,
2122 2214 2276 2296 quia
2323 2210 2570 2296 Corpus
2592 2228 2733 2276 esse
2757 2210 3028 2290 desinit;

418 2298 529 2362 sed
591 2304 741 2382 (per
784 2298 978 2385 Prop.
1021 2300 1124 2363 17.
1151 2299 1197 2382 1)
1235 2320 1299 2384 p.
1343 2300 1427 2379 2.)
1488 2301 1610 2365 hoc
1671 2301 1750 2365 ab
1813 2302 1937 2365 alia
1983 2301 2126 2366 idea
2172 2303 2392 2382 oritur,
2439 2320 2585 2386 quae
2630 2296 2835 2363 nostri
2881 2297 3031 2362 Cor-

414 2389 605 2471 poris,
665 2392 728 2454 et
773 2392 1240 2472 consequenter
1285 2395 1522 2454 nostrae
1568 2388 1822 2472 MentiS,
1868 2394 2245 2475 praesentem
2292 2391 2693 2455 existentiam
2744 2387 3032 2470 secludit,

414 2495 690 2561 quaeque
772 2478 930 2543 adeo
1011 2478 1188 2561 ideae,
1272 2499 1421 2562 quae
1488 2483 1728 2544 nostrae
1796 2478 2034 2544 Mentis
2102 2480 2443 2545 essentiam
2513 2478 2865 2561 constituit,
2932 2480 3030 2541 est

414 2567 745 2630 contraria.

1249 2677 1948 2745 PROPOSI'I'IO
2038 2679 2189 2744 XII.

500 2790 710 2876 Mem,
768 2796 1078 2878 quantum
1134 2797 1350 2877 potest,
1405 2813 1480 2858 ea
1540 2793 1887 2876 imaqinari
1944 2797 2233 2878 conatur,
2276 2812 2421 2879 quoe
2470 2789 2761 2878 Corporis
2802 2791 3033 2877 ayendi

408 2881 744 2966 potentiam
787 2888 1022 2966 wuqut
1064 2881 1157 2947 vel
1180 2884 1442 2967 juvant.

1360 3014 2077 3065 ΒΕΜΟΝΒΤΒΔΤῘΟ.

502 3093 824 3172 Quamdiu
890 3095 1246 3160 humanum
1315 3095 1562 3181 Corpus
1630 3096 1929 3162 affectum
1998 3101 2095 3162 est
2140 3095 2345 3179 modo,
2393 3097 2505 3179 qui
2551 3099 2846 3160 naturam
2893 3113 3031 3159 cor-

412 3186 584 3268 poris
644 3185 920 3267 alicujus
981 3187 1230 3249 externi
1277 3185 1567 3268 involvit,
1612 3187 1858 3250 tamdiu
1905 3185 2090 3252 Mens
2134 3186 2416 3250 humana
2460 3185 2627 3249 idem
2678 3203 2911 3269 corpus
2958 3187 3032 3247 ut

412 3292 692 3357 praesens
761 3272 1296 3358 contemplabitur
1364 3280 1515 3355 (per
1559 3272 1753 3355 Prop.
1801 3275 1906 3339 17.
1939 3296 2008 3360 p.
2058 3274 2159 3357 2.),
2224 3279 2288 3339 et
2356 3277 2827 3358 consequenter
2885 3276 3033 3354 (per

412 3361 603 3448 Prop.
652 3363 710 3428 7.
750 3382 812 3443 p.
859 3362 963 3444 2.),
1029 3363 1338 3446 quamdiu
1408 3363 1592 3429 Mens
1658 3365 1941 3429 humana
1986 3364 2248 3449 aliquod
2294 3369 2631 3428 externum
2679 3381 2911 3447 corpus
2959 3367 3033 3426 ut

410 3470 692 3536 praesens
736 3452 1217 3535 contemplatur,
1264 3453 1383 3516 hoc
1429 3460 1526 3519 est
1572 3456 1716 3534 (per
1757 3453 2034 3537 ejusdem
2077 3452 2273 3536 Prop.
2320 3452 2423 3516 17.
2450 3453 2502 3531 ²)
2547 3449 2764 3533 Schol.)
2801 3452 3025 3535 imagi-

409 3547 616 3624 natur,
661 3540 907 3605 tamdiu
954 3541 1309 3605 humanum
1357 3540 1605 3628 Corpus
1651 3542 1947 3607 affectum
1996 3549 2095 3608 est
2139 3543 2344 3623 modo,
2391 3543 2505 3626 qui
2542 3547 2834 3606 naturam
2860 3541 3029 3623 ejus-

411 3629 552 3694 dem
620 3631 904 3715 corporis
971 3632 1220 3694 externi
1280 3632 1586 3711 involvit3
1633 3637 1829 3716 atque
1874 3632 2052 3714 adeo,
2098 3632 2408 3716 quamdiu
2454 3629 2638 3696 Mens
2685 3649 2760 3695 ea
2803 3631 3028 3713 imagi-

409 3724 618 3802 natur,
664 3716 808 3804 quae
855 3717 1152 3803 Corporis
1198 3722 1399 3784 nostri
1446 3721 1678 3806 agendi
1724 3724 2072 3805 potentiam
2111 3725 2350 3805 augent
2387 3720 2491 3785 vel
2507 3723 2759 3802 juvant,
2782 3719 3029 3783 tamdiu

411 3807 656 3892 Corpus
722 3808 1014 3872 affectum
1064 3812 1160 3872 est
1206 3809 1431 3891 modis,
1477 3811 1592 3894 qui
1637 3810 1923 3892 ejusdem
1968 3811 2203 3895 agendi
2247 3811 2594 3895 potentiam
2640 3815 2881 3893 augent
2924 3807 3030 3872 vel

402 3898 636 3980 juvant
698 3897 841 3977 (vid.
911 3894 1084 3961 Post.
1152 3895 1209 3960 1.
1277 3898 1527 3982 hujus);
1588 3904 1653 3963 et
1712 3904 2180 3983 consequenter
2224 3904 2373 3979 (per
2418 3896 2613 3982 Prop.
2662 3898 2764 3961 11.
2811 3896 3027 3982 hujus)

408 3986 655 4050 tamdiu
700 3985 935 4051 Mentis
977 3986 1299 4069 cogitandi
1344 3989 1627 4072 potentia
1674 3993 1947 4072 augetur
1992 3988 2093 4053 vel
2134 3990 2434 4072 juvatur;
2482 4007 2557 4052 ac
2580 3986 2850 4072 proinde
2873 3991 3028 4066 (per

407 4073 602 4244 greg.
651 4075 719 4228 (13)
753 4073 847 4140 vel
893 4075 950 4138 9.
996 4073 1209 4157 hujus)
1255 4076 1456 4159 Mens,
1504 4083 1817 4161 quantum
1866 4083 2089 4162 potest,
2128 4077 2349 4143 eadem
2372 4077 2712 4161 imaginari
2738 4080 3027 4140 conatur.

1226 4277 1926 4345 PROPOSI'I'IO
2016 4279 2201 4344 XIII.

504 4389 661 4457 Cum
726 4390 920 4455 Mens
977 4410 1048 4455 ea
1109 4392 1510 4475 imayinatur,
1557 4412 1695 4479 quoe
1742 4392 2036 4477 Corporis
2080 4392 2308 4476 ayendz‘
2345 4392 2686 4477 potentiam
2732 4392 3031 4457 minuunt

407 4477 503 4544 vel
567 4484 855 4563 coercent,
919 4487 1201 4564 conatur,
1259 4489 1569 4567 quantum
1631 4487 1848 4566 potest,
1912 4502 2127 4549 rerum
2194 4483 2531 4566 recordari,
2596 4502 2742 4568 quae
2806 4481 3029 4547 horum

405 4570 794 4634 existentiam
829 4569 1169 4635 secludunt.

472 4825 530 4891 1)
563 4826 659 4878 Ed.
692 4827 804 4878 Pr.:
837 4842 938 4894 per
968 4825 1138 4908 Prop.
1170 4828 1220 4878 8.
1244 4843 1307 4945 ἵ
1334 4829 1384 4879 2.

473 4891 528 4957 2)
568 4893 665 4945 Ed.
699 4894 817 4944 Pr.:
848 4909 949 4961 per
983 4895 1218 4960 quadem
1301 4909 1430 4963 rop.
1459 4893 1635 4948 Schol.
