3609 5642
1516 541 1597 587 nn
1639 542 2027 589 minumus.
2988 525 3069 587 81

1359 728 2010 776 cenomannum
2096 710 2181 775 Π.

537 808 718 887 Rem,
785 811 971 894 cujus
1039 830 1159 876 nos
1230 812 1504 889 miseret,
1564 811 1712 876 odio
1772 811 2009 878 habere
2053 832 2184 877 non
2229 830 2579 897 possumus
2627 831 2709 876 ex
2760 831 2854 896 ee,
2900 811 3074 896 quod

445 900 653 985 ipsius
700 902 958 966 miseria
1004 919 1123 965 nos
1166 898 1450 966 Tristitia
1495 899 1709 966 afficit.

1415 1032 2126 1080 nnnonsrnnr1u

540 1114 609 1179 Si
678 1116 850 1179 enim
913 1133 996 1179 ex
1040 1133 1115 1180 eo
1160 1134 1280 1180 nos
1326 1115 1592 1180 eandem
1641 1116 1787 1180 odio
1833 1115 2067 1181 habere
2109 1135 2463 1200 possemuS,
2511 1120 2650 1180 tum
2698 1116 2842 1199 (per
2886 1113 3073 1194 Prop.

450 1203 554 1268 23.
600 1203 812 1288 hujus)
874 1222 957 1270 ex
1017 1206 1226 1288 ipsius
1285 1202 1569 1270 Tristitia
1613 1204 1999 1290 laetaremur,
2044 1206 2217 1290 quod
2262 1211 2359 1271 est
2403 1209 2627 1270 contra
2672 1204 3072 1289 hypothesin.

1347 1337 1993 1384 cononnnnlun
2064 1318 2183 1384 ΠΙ

536 1416 714 1496 Rem,
783 1420 970 1512 cujus
1037 1438 1156 1483 nos
1226 1420 1501 1503 miseret,
1569 1439 1607 1483 a
1673 1421 1932 1486 miseria
2001 1425 2312 1504 quantum
2382 1438 2731 1505 possumus
2799 1416 3070 1483 liberare

451 1506 842 1575 conabimur.

1410 1616 2136 1673 nnMoNsrnAr1o

534 1696 629 1780 Id,
698 1698 871 1781 quod
937 1716 1092 1781 rem,
1152 1698 1339 1781 cujus
1399 1717 1520 1763 nos
1568 1700 1844 1782 miseret,
1886 1692 2165 1764 Tristitia
2211 1697 2424 1781 afficit,
2468 1716 2589 1763 nos
2636 1696 2834 1761 simili
2879 1697 3072 1762 etiam

446 1785 725 1851 Tristitia
791 1786 987 1852 afficit
1046 1792 1182 1870 (per
1248 1785 1438 1870 Prop.
1499 1787 1818 1869 praeced.);
1882 1787 2166 1873 adeoque
2212 1807 2401 1853 omne
2443 1788 2530 1870 id,
2577 1787 2749 1870 quod
2795 1787 2935 1869 ejus
2980 1786 3074 1850 rei

448 1877 854 1941 existentiam
898 1875 1084 1959 tollit,
1130 1877 1269 1941 sive
1316 1875 1491 1960 quod
1536 1895 1672 1941 rem
1721 1877 2010 1960 destruit,
2055 1878 2454 1942 comminisci
2499 1874 2876 1941 conabimur
2921 1880 3072 1954 (per

448 1963 640 2044 Prop.
689 1964 793 2028 13.
838 1964 1055 2047 ku7‘u3)
1102 1966 1223 2029 hoc
1267 1973 1365 2030 est
1412 1966 1432 2046 (
1446 1983 1564 2048 per
1605 1962 1800 2031 Sohoz.
1849 1963 2046 2050 Prop.
2093 1968 2150 2030 9.
2195 1965 2430 2050 hujus),
2473 1966 2541 2030 id
2587 1966 2916 2030 destruere
2949 1983 3070 2048 ap-

444 2060 753 2138 petamus,
821 2056 958 2119 sive
1026 2054 1108 2118 ad
1174 2054 1242 2118 id
1313 2054 1773 2120 destruendum
1822 2054 2423 2137 determinabimur;
2473 2060 2669 2138 atque
2716 2054 2873 2118 adeo
2917 2072 3073 2135 rem,
3139 2099 3145 2104 -

446 2144 630 2225 cujus
677 2144 1073 2226 miseremur,
1119 2162 1157 2207 a
1202 2162 1322 2207 sua
1367 2144 1626 2208 miseria
1670 2143 1942 2209 liberare
1986 2144 2378 2210 conabimur.
2429 2142 2497 2223 Q.
2542 2142 2620 2208 Ε.
2665 2141 2749 2206 D.

1535 2275 2008 2322 scfloLIUE

387 2405 404 2419 .
533 2353 694 2420 Haec
763 2357 1064 2421 voluntas
1136 2358 1276 2422 sive
1336 2358 1654 2441 appetitus
1716 2353 2173 2440 benefaciendi,
2219 2358 2333 2442 qui
2379 2376 2462 2422 ex
2507 2376 2583 2422 eo
2630 2359 2851 2439 oritur,
2896 2355 3070 2440 quod

446 2446 560 2527 rei,
624 2447 695 2509 in
758 2465 952 2529 quam
1019 2445 1399 2513 beneficium
1444 2445 1731 2511 conferre
1777 2447 2097 2530 volumus,
2142 2466 2262 2511 nos
2309 2447 2582 2529 miseret,
2631 2444 3071 2511 Bene-volentia

454 2539 737 2615 vocatur,
783 2554 931 2618 quae
976 2536 1245 2620 proinde
1290 2535 1453 2598 nihil
1498 2535 1677 2600 aliud
1716 2540 1824 2619 est,
1863 2556 2055 2620 quam
2098 2534 2428 2620 Cupiditas
2448 2556 2526 2600 ex
2547 2535 3072 2600 commiseratione

449 2628 605 2687 orta.
675 2622 992 2689 Caeterum
1062 2625 1140 2690 de
1200 2625 1442 2689 Amore
1511 2629 1574 2689 et
1642 2623 1805 2690 Odio
1867 2644 2019 2710 erga
2075 2625 2281 2709 illum,
2326 2626 2439 2709 qui
2482 2628 2595 2708 rei,
2643 2646 2840 2709 quam
2882 2622 3070 2688 nobis

449 2712 723 2777 similem
762 2731 903 2779 esse
939 2715 1390 2798 imaginamur,
1412 2712 1575 2778 bene
1597 2716 1710 2779 aut
1733 2714 1898 2780 male
1918 2715 2090 2797 fecit,
2115 2715 2261 2781 vide
2283 2714 2489 2779 Schol.
2513 2714 2701 2799 Ptop.
2728 2716 2830 2778 22.
2853 2714 3069 2796 hujus.

1200 2836 1902 2905 PROPOSITIO
1992 2838 2309 2907 XXVIII.

534 2939 618 3004 Id
673 2958 869 3024 omne,
913 2939 1082 3027 quod
1121 2940 1211 3005 ad
1252 2939 1573 3005 Laetitiam
1616 2940 1956 3006 conducere
1997 2941 2441 3046 imaqinamur,
2485 2960 2785 3007 conamur
2826 2958 3068 3024 promo-

445 3047 584 3093 vere
648 3034 720 3092 ut
786 3028 944 3111 fiat;
987 3029 1154 3116 quod
1191 3049 1335 3096 vero
1378 3028 1573 3094 eidem
1615 3049 1984 3114 repuqnare,
2029 3033 2158 3097 sive
2200 3031 2287 3096 ad
2329 3030 2683 3096 Tristitiam
2726 3029 3069 3096 conducere

438 3117 891 3201 imayinamur,
936 3138 1213 3184 amovere
1256 3118 1352 3184 vel
1394 3118 1711 3184 destruere
1751 3139 2073 3185 conamur.

1393 3251 2109 3298 DEMONSTRATIO.

531 3328 718 3407 Quod
766 3332 846 3397 ad
893 3331 1210 3397 Laetitiam
1256 3334 1614 3398 conducere
1658 3335 2107 3418 imaginamur,
2152 3339 2464 3417 quantum
2504 3351 2870 3416 possumuS,
2908 3335 3066 3397 ima-

437 3421 649 3504 ginari
710 3440 1020 3486 conamur
1079 3424 1229 3506 (per
1273 3420 1457 3506 Prop.
1507 3421 1611 3486 12.
1655 3421 1903 3507 hujus);
1965 3424 2085 3487 hoc
2145 3427 2241 3488 est
2285 3425 2420 3506 (per
2465 3421 2659 3507 Prop.
2710 3422 2811 3487 17.
2847 3442 2916 3506 p
2964 3421 3066 3510 2.)‚

436 3508 505 3571 id
577 3515 889 3593 quantum
964 3529 1313 3594 possumus
1380 3512 1760 3576 conabimur
1819 3517 1891 3577 ut
1951 3530 2236 3597 praesens
2283 3513 2422 3577 sive
2468 3518 2542 3576 ut
2587 3515 2737 3576 actu
2778 3512 3065 3577 existens

445 3601 878 3684 contemplari.
925 3598 1050 3665 Sed
1096 3598 1332 3664 Mentis
1378 3607 1647 3666 conatus
1692 3621 1809 3667 seu
1857 3604 2138 3686 potentia
2182 3603 2249 3665 in
2297 3601 2635 3705 cogitando
2676 3601 2965 3685 aequalis,
3004 3605 3068 3664 et

447 3686 660 3771 simul,
726 3691 958 3753 natura
1024 3692 1121 3753 est
1188 3708 1338 3753 cum
1408 3687 1705 3774 Corporis
1765 3695 1999 3755 conatu
2060 3709 2177 3755 seu
2236 3690 2519 3773 potentia
2559 3692 2629 3754 in
2677 3690 2925 3774 agendo
2970 3692 3069 3768 (ut

446 3773 615 3842 clare
671 3777 954 3864 sequitur
1011 3797 1086 3842 ex
1136 3775 1354 3842 Coroll.
1401 3776 1589 3862 Prop.
1639 3778 1696 3842 7.
1741 3783 1801 3844 et
1849 3776 2066 3844 Coroll.
2112 3778 2307 3863 Prop.
2357 3779 2460 3842 11.
2504 3799 2568 3863 p.
2613 3778 2730 3855 2.;)
2778 3797 2947 3863 ergo,
2995 3783 3069 3842 ut

444 3864 515 3928 id
561 3867 810 3948 existat,
858 3866 1146 3931 absolute
1192 3886 1520 3950 conamur,
1565 3869 1704 3933 sive
1738 3868 1930 3955 (quod
1960 3888 2077 3953 per
2115 3866 2311 3933 Schol.
2350 3867 2540 3952 Prop.
2591 3868 2649 3931 9.
2672 3866 2868 3948 hujus
2903 3866 3067 3931 idem

445 3956 558 4035 est)
620 3957 978 4039 appetimus
1021 3961 1083 4020 et
1127 3956 1562 4038 intendimus,
1613 3955 1796 4034 Quod
1846 3964 1979 4023 erat
2025 3960 2320 4043 primum.
2366 3955 2619 4022 Deinde
2664 3960 2719 4022 si
2763 3958 2849 4040 id,
2895 3956 3067 4040 quod

444 4041 746 4108 Tristities
806 4064 1063 4110 causam
1126 4063 1267 4111 esse
1327 4046 1668 4129 credimuS,
1711 4048 1834 4111 hoc
1880 4052 1977 4111 est
2022 4052 2042 4128 (
2055 4066 2172 4131 per
2216 4045 2409 4112 Schol.
2455 4045 2649 4130 Prop.
2696 4045 2798 4110 13.
2832 4006 3068 4128 hujus),

445 4132 503 4195 si
564 4131 652 4213 id,
711 4134 886 4217 quod
932 4134 1079 4198 odio
1124 4134 1453 4219 habemus,
1499 4135 1743 4200 destrui
1786 4136 2232 4238 imaginamur,
2277 4135 2641 4200 laetabimur
2685 4139 2833 4219 (per
2877 4133 3067 4218 Prop.

452 4220 555 4284 20
615 4219 868 4306 hujus);
955 4224 1239 4308 adeoque
1305 4224 1477 4288 idem
1547 4229 1697 4309 (per
1758 4225 2032 4308 primam
2099 4224 2295 4307 hujus
2360 4227 2625 4308 partem)
2692 4221 3068 4288 conabimur

452 4309 800 4394 destruere,
868 4315 1006 4376 sive
1073 4314 1218 4395 (per
1264 4311 1452 4396 Prop.
1501 4313 1603 4377 13.
1649 4312 1866 4399 hujus)
1925 4334 1962 4378 a
2022 4312 2206 4378 nobis
2252 4332 2564 4396 amovere,
2608 4331 2691 4377 ne
2735 4313 2947 4398 ipsum
2995 4318 3069 4376 ut

450 4417 739 4482 praesens
784 4401 1320 4484 contemplemur,
1372 4400 1556 4478 Quod
1603 4411 1737 4468 erat
1781 4403 2156 4468 secundum
2202 4402 2375 4487 Ergo
2420 4403 2488 4467 id
2528 4421 2735 4487 omne,
2772 4402 2947 4487 quod
2985 4402 3066 4466 ad

455 4485 796 4574 Laetitiam,
840 4494 956 4556 etc.
1007 4487 1076 4569 Q.
1121 4488 1198 4555 Ε.
1245 4450 1330 4556 D'.

1237 4601 1934 4669 PROPOSITIO
2024 4602 2280 4669 XXIX.

534 4700 668 4768 Nos
727 4702 800 4769 id
862 4723 1039 4770 omne
1108 4704 1295 4799 etiam
1360 4725 1543 4788 ayere
1601 4704 1985 4789 conabimur,
2030 4706 2197 4801 quod
2220 4703 2265 4787 1)
2310 4703 2589 4772 hommes
2630 4725 2769 4769 cum
2813 4705 3068 4793 Laetitia

514 4908 570 4977 1)
604 4911 669 4964 N.
704 4913 762 4965 B.
792 4913 1038 4981 Intellige
1071 4915 1161 4966 hic
1194 4918 1248 4966 et
1281 4916 1340 4967 in
1373 4929 1522 4981 seqq.
1553 4894 1816 4981 homines,
1848 4930 1982 4981 quos
2017 4917 2168 4968 nullo
2202 4917 2398 4968 affectu
2434 4916 2748 4981 prosequuti
2783 4930 2987 4967 sumus.

2832 5004 2868 5055 6
