3609 5642
502 507 585 570 26
1542 526 1791 576 mmcns
1835 530 1989 575 nas
2032 529 2074 574 1.

500 693 862 778 voluerunt,
928 693 1009 758 ad
1074 695 1239 760 hanc
1307 715 1492 761 suam
1559 697 1914 762 doctrinam
1982 695 2376 781 probandam
2440 714 2684 759 novum
2755 693 3110 758 attulerunt

503 783 761 848 modum
821 784 1328 867 argumentandi,
1384 785 1747 851 reducendo
1809 786 2068 868 scilicet,
2111 805 2243 850 non
2289 784 2370 849 ad
2413 782 2827 869 impossibile,
2874 781 2986 847 sed
3032 780 3113 845 ad

498 874 961 956 ignorantiam3
1032 874 1205 957 quod
1273 875 1548 939 ostendit
1605 875 1863 939 nullum
1910 874 2087 939 aliud
2129 874 2332 940 fuisse
2374 873 2527 937 huic
2574 873 2880 938 doctrinae
2924 890 3113 956 argu-

500 962 828 1026 mentandi
871 960 1169 1026 medium.
1214 961 1379 1026 Nam
1427 966 1483 1029 si
1529 982 1630 1029 ex.
1676 984 1769 1048 gr.
1816 982 1899 1029 ex
1943 965 2228 1029 culmine
2262 963 2482 1047 aliquo
2528 962 2692 1048 lapis
2731 963 2800 1025 in
2842 961 3114 1043 alicujus

501 1056 690 1133 caput
734 1051 1050 1134 ceciderit,
1095 1070 1376 1136 eumque
1418 1053 1824 1135 interfecerit,
1869 1052 1990 1117 hoc
2028 1053 2216 1117 modo
2254 1051 2797 1133 demonstrabunt,
2835 1049 3111 1132 lapidem

503 1140 582 1204 ad
650 1141 974 1205 hominem
1019 1140 1530 1206 interficiendum
1580 1142 1901 1207 cecidisse.
1945 1141 2033 1206 Ni
2076 1143 2247 1207 enim
2294 1160 2444 1206 eum
2489 1142 2559 1204 in
2604 1140 2819 1221 finem,
2864 1136 3001 1203 Deo
3045 1137 3114 1202 id

501 1229 770 1310 volente,
817 1229 1133 1313 ceciderit,
1179 1231 1497 1314 quomodo
1544 1234 1639 1297 tot
1680 1233 2179 1297 circumstantiae
2222 1236 2417 1314 (saepe
2463 1231 2633 1294 enim
2675 1229 2893 1293 multae
2917 1227 3113 1292 simul

500 1323 912 1397 concurrunt)
982 1338 1136 1384 casu
1205 1338 1583 1385 concurrere
1649 1321 2044 1403 potuerunt?
2104 1318 2545 1405 Respondebis
2589 1319 2875 1399 fortasse,
2918 1316 2984 1380 id
3031 1335 3114 1381 ex

501 1425 594 1490 eo,
659 1407 831 1492 quod
898 1412 1131 1473 ventus
1175 1407 1372 1492 flavit,
1418 1416 1480 1474 et
1527 1410 1701 1494 quod
1745 1410 1936 1474 homo
1982 1409 2128 1474 illac
2171 1410 2293 1474 iter
2337 1408 2626 1490 habebat,
2671 1408 2979 1473 evenisse.
3022 1405 3113 1470 At

498 1496 849 1578 instabunt,
916 1516 1033 1561 cur
1099 1502 1335 1563 ventus
1402 1499 1514 1562 illo
1582 1503 1865 1582 tempore
1931 1497 2160 1563 flavit?
2206 1517 2324 1562 cur
2367 1498 2558 1562 homo
2604 1497 2716 1561 illo
2762 1495 3112 1578 eodemque

498 1591 784 1669 tempore
827 1585 972 1650 illac
1015 1587 1137 1651 iter
1181 1586 1501 1652 habebat?
1549 1586 1619 1652 Si
1662 1590 1894 1652 iterum
1942 1587 2344 1671 respondeas,
2389 1591 2655 1652 ventum
2701 1590 2843 1649 tum
2882 1588 3115 1663 ortum,

500 1677 652 1758 quia
698 1693 870 1739 mare
914 1676 1295 1759 praecedenti
1342 1677 1461 1753 die,
1507 1682 1792 1761 tempore
1837 1677 2045 1741 adhuc
2083 1676 2451 1760 tranquille,
2486 1677 2714 1760 agitari
2753 1676 3111 1758 inceperat3

499 1769 561 1828 et
606 1764 778 1850 quod
820 1765 1011 1829 homo
1057 1764 1137 1829 ab
1183 1766 1387 1830 amico
1431 1767 1742 1832 invitatus
1787 1765 2030 1847 fuerat3
2069 1765 2402 1830 instabunt
2439 1767 2693 1846 iterum,
2718 1765 2869 1847 quia
2891 1763 3113 1827 nullus

498 1854 765 1936 rogandi
822 1852 992 1935 finis,
1049 1873 1165 1918 cur
1210 1859 1422 1920 autem
1470 1875 1644 1920 mare
1689 1855 2096 1940 agitabatur?
2143 1874 2259 1919 cur
2302 1855 2492 1918 homo
2537 1856 2608 1918 in
2652 1852 2811 1917 illud
2857 1857 3111 1935 tempus

497 1944 809 2006 invitatus
877 1943 1050 2007 fuit?
1117 1948 1182 2009 et
1249 1945 1341 2008 sic
1399 1964 1587 2029 porro
1648 1964 1988 2010 causarum
2034 1963 2260 2009 causas
2306 1961 2534 2027 rogare
2577 1961 2708 2007 non
2754 1940 3114 2024 cessabunt,

499 2030 702 2096 donec
760 2031 841 2096 ad
901 2030 1023 2097 Dei
1082 2033 1493 2115 voluntatem,
1537 2035 1659 2098 hoc
1704 2038 1800 2098 est
1843 2035 2218 2118 ignorantiae
2264 2032 2537 2115 asylum,
2582 2030 2962 2117 confugeris.
3006 2029 3113 2095 Sic

499 2123 709 2202 etiam,
754 2120 866 2184 ubi
912 2123 1194 2205 corporis
1239 2123 1506 2187 humani
1548 2123 1854 2188 fabricam
1895 2122 2130 2205 vident,
2176 2126 2573 2206 stupescunt,
2613 2125 2677 2186 et
2712 2140 2795 2187 ex
2820 2138 2913 2202 ec,
2937 2118 3112 2204 quod

497 2213 692 2278 tantae
750 2210 905 2274 artis
967 2230 1193 2275 causas
1252 2213 1569 2296 ignorant,
1627 2212 2030 2294 concludent,
2087 2211 2351 2276 eandem
2398 2230 2529 2275 non
2574 2209 2957 2291 mechanica,
3001 2208 3114 2274 sed

505 2299 723 2363 divina
767 2298 870 2363 vel
917 2302 1388 2384 supernaturali
1430 2306 1567 2366 arte
1605 2300 1924 2383 fabricari,
1969 2301 2211 2387 talique
2258 2300 2443 2364 modo
2490 2299 2814 2381 constitui,
2860 2300 2934 2363 ut
2977 2317 3110 2362 una

502 2408 648 2471 pars
715 2388 977 2453 alteram
1046 2408 1176 2453 non
1236 2390 1442 2455 laedat.
1504 2394 1722 2475 Atque
1771 2391 1925 2455 hinc
1967 2390 2058 2472 fit,
2103 2394 2177 2454 ut
2221 2391 2337 2474 qui
2383 2388 2839 2454 miraculorum
2887 2406 3113 2452 causas

502 2496 685 2542 veras
757 2480 1002 2562 quaerit,
1070 2480 1318 2563 quique
1381 2496 1485 2544 res
1544 2480 1868 2545 naturales
1914 2485 1987 2544 ut
2033 2478 2258 2544 doctus
2302 2478 2676 2564 intelligere,
2719 2497 2850 2542 non
2896 2481 3113 2541 autem

497 2571 572 2632 ut
631 2566 870 2631 stultus
932 2566 1233 2632 admirari
1279 2569 1510 2652 studet,
1553 2570 1791 2653 passim
1835 2589 1951 2653 pro
1997 2569 2292 2633 haeretico
2340 2572 2403 2632 et
2446 2569 2644 2653 impio
2689 2565 3006 2632 habeatur
3050 2569 3115 2630 et

496 2656 919 2740 proclametur
983 2654 1065 2721 ab
1131 2658 1230 2738 iis,
1291 2677 1454 2743 quos
1513 2658 1750 2742 vulgus
1792 2662 2098 2742 tanquam
2143 2655 2412 2722 Naturoe
2457 2655 2871 2740 Deorumque
2914 2658 3112 2720 inter-

496 2749 705 2829 pretes
774 2745 1009 2809 adorat.
1075 2744 1242 2810 Nam
1313 2748 1528 2812 sciunt
1595 2747 1788 2830 quod,
1847 2747 2099 2812 sublata
2140 2746 2519 2830 ignorantia,
2566 2751 2806 2829 stupor,
2848 2745 2971 2809 hoc
3015 2750 3114 2809 est

498 2835 766 2899 unicum
826 2835 1314 2918 argumentandi
1376 2835 1763 2919 tuendaeque
1809 2855 1947 2901 suae
1991 2837 2386 2901 auctoritatis
2434 2834 2739 2916 medium,
2786 2834 2961 2918 quod
3002 2833 3115 2897 ha-

497 2923 666 3005 bent,
732 2923 996 2988 tollitur.
1056 2922 1182 2990 Sed
1239 2924 1378 2989 haec
1420 2926 1736 3008 relinquo,
1784 2930 1845 2990 et
1890 2925 1971 2990 ad
2015 2925 2102 3007 id,
2147 2925 2320 3009 quod
2367 2925 2547 2989 tertio
2590 2925 2731 2988 loco
2776 2923 2881 2987 hic
2927 2940 3113 3006 agere

499 3013 824 3094 constitui,
867 3030 1080 3098 pergo.
1406 3076 1408 3078 ,
1653 3060 1667 3079 .

582 3100 934 3185 Postquam
1001 3102 1292 3167 homiues
1359 3102 1483 3168 sibi
1546 3107 2021 3187 persuaserunt,
2088 3105 2340 3184 omnia,
2390 3121 2538 3187 quae
2602 3100 2786 3182 fiunt,
2856 3102 3116 3184 propter

493 3191 668 3274 ipsos
727 3190 897 3270 fieri;
961 3189 1029 3254 id
1072 3192 1143 3255 in
1192 3211 1582 3277 unaquaque
1623 3211 1694 3257 re
1738 3194 2135 3278 praecipuum
2174 3192 2465 3275 judicare
2511 3190 2892 3272 debuerunt,
2938 3188 3116 3273 quod

491 3281 649 3363 ipsis
717 3280 1154 3361 utilissimum,
1218 3285 1282 3346 et
1347 3281 1459 3345 illa
1524 3283 1739 3347 omnia
1806 3283 2333 3365 praestantissima
2397 3283 2734 3362 aestimare,
2793 3299 2832 3342 a
2876 3277 3116 3363 quibus

495 3370 729 3452 optime
796 3367 1252 3434 afficiebantur.
1321 3369 1511 3436 Unde
1575 3371 1691 3436 has
1757 3370 2034 3436 formare
2094 3370 2452 3436 debuerunt
2514 3371 2828 3452 notiones,
2876 3366 3116 3452 quibus

495 3476 712 3522 rerum
770 3464 1032 3522 naturas
1095 3460 1502 3542 explicarent,
1559 3460 1802 3525 scilicet
1862 3458 2136 3543 Bonum,
2179 3458 2451 3541 Malum,
2504 3457 2819 3541 Ordinem,
2870 3455 3115 3540 Confu-

493 3547 745 3629 sionem,
818 3545 1128 3628 Calidum,
1186 3546 1540 3632 Friyidum,
1583 3548 2146 3632 Pulchr-immitem,
2185 3554 2249 3613 et
2292 3546 2809 3632 Deformitatem:
2854 3551 2919 3611 et
2966 3546 3120 3630 quia

497 3654 566 3700 se
633 3635 867 3701 liberos
935 3637 1324 3720 existimant,
1388 3638 1540 3702 inde
1609 3638 1709 3702 bae
1768 3640 2065 3704 notiones
2123 3643 2279 3703 ortae
2325 3642 2496 3719 sunt,
2542 3638 2784 3701 scilicet
2828 3635 3010 3700 Laus
3056 3640 3120 3700 et

509 3724 923 3809 Vituperium,
967 3724 1307 3790 Peccatum
1352 3732 1415 3791 et
1458 3725 1797 3803 Meritum3
1847 3728 1960 3792 sed
2002 3728 2119 3792 has
2162 3726 2345 3808 infra,
2390 3731 2732 3811 postquam
2770 3725 2849 3790 de
2887 3729 3118 3789 natura

495 3815 775 3878 humana
841 3833 1047 3899 egero,
1115 3815 1258 3880 illas
1328 3821 1540 3881 autem
1609 3816 1713 3880 hic
1773 3815 2049 3882 breviter
2108 3815 2455 3901 explicabo.
2517 3814 2761 3899 Nempe
2805 3814 2873 3877 id
2911 3832 3119 3896 omne,

497 3903 670 3986 quod
710 3904 790 3968 ad
835 3904 1270 3969 valetudinem
1318 3910 1382 3970 et
1424 3903 1546 3970 Dei
1592 3905 1839 3969 cultum
1888 3906 2207 3987 conducit,
2252 3905 2530 3988 Bonum,
2570 3903 2745 3990 quod
2783 3908 2998 3969 autem
3035 3902 3118 3967 iis

495 3994 884 4057 contrarium
954 3998 1067 4075 est,
1135 3991 1390 4058 Malum
1457 3999 1865 4059 vocaverunt.
1934 3994 2020 4059 Et
2080 3996 2234 4079 quia
2278 3996 2346 4076 ii,
2393 3995 2507 4079 qui
2552 4013 2769 4060 rerum
2818 3997 3116 4058 naturam

497 4100 627 4145 non
691 4082 1081 4165 intelligunt,
1146 4083 1309 4146 nihil
1354 4084 1432 4148 de
1476 4083 1671 4148 rebus
1718 4083 2057 4166 affirmant,
2103 4083 2216 4149 sed
2259 4102 2362 4148 res
2406 4082 2847 4149 tantummodo
2892 4083 3117 4166 imagi-

497 4174 751 4252 nantur,
796 4175 857 4236 et
901 4172 1421 4256 imaginationem
1465 4191 1578 4257 pro
1623 4172 1952 4237 intellectu
1991 4174 2271 4256 capiunt,
2309 4172 2453 4238 ideo
2498 4171 2791 4238 Ordinem
2829 4171 2897 4235 in
2921 4169 3116 4236 rebus

497 4277 637 4323 esse
679 4258 948 4325 firmiter
993 4260 1282 4341 credunt,
1324 4280 1539 4326 rerum
1587 4280 1854 4347 suaeque
1900 4266 2149 4326 naturae
2192 4263 2417 4346 ignari,
2462 4260 2629 4326 Nam
2676 4279 2827 4325 cum
2871 4262 2961 4325 ita
2986 4261 3118 4324 sint

497 4348 839 4432 dispositae,
908 4353 997 4432 ut,
1042 4369 1189 4414 cum
1238 4349 1423 4416 nobis
1468 4367 1583 4434 per
1629 4369 1861 4416 sensus
1907 4355 2465 4436 repraesentantur,
2512 4370 2619 4417 eas
2663 4349 2851 4415 facile
2893 4350 3119 4434 imagi-

434 4494 439 4499 .
497 4439 654 4519 nari,
723 4443 787 4502 et
848 4441 1312 4523 consequenter
1375 4457 1593 4504 earum
1654 4439 1839 4504 facile
1897 4440 2217 4505 recordari
2263 4442 2605 4524 possimus,
2653 4439 2908 4504 easdem
2954 4438 3116 4504 bene

496 4527 850 4608 ordinatas3
921 4529 978 4592 si
1043 4547 1193 4593 vero
1263 4533 1498 4611 contra,
1562 4530 1736 4612 ipsas
1806 4530 1970 4595 male
2031 4529 2371 4612 ordinatas,
2434 4529 2569 4595 sive
2628 4527 2931 4611 confusas
2974 4546 3117 4593 esse

497 4616 787 4680 dicimus,
854 4615 938 4681 Et
1006 4619 1309 4700 quoniam
1379 4636 1452 4682 ea
1518 4616 1705 4683 nobis
1774 4637 1905 4704 prae
1974 4620 2218 4683 caeteris
2277 4622 2459 4702 grata
2523 4622 2694 4699 sunt,
2741 4636 2885 4701 quae
2930 4614 3117 4682 facile

494 4706 834 4790 imaginari
876 4724 1243 4790 possumus,
1287 4705 1430 4772 ideo
1475 4706 1769 4773 homiues
1805 4707 2093 4772 ordinem
2135 4706 2500 4774 confusioni
2536 4706 2903 4792 praeferunt,
2928 4708 3117 4789 quasi

496 4795 650 4859 ordo
717 4794 962 4878 aliquid
1029 4797 1098 4858 iu
1165 4794 1411 4860 Natura
1454 4800 1683 4879 praeter
1728 4801 2086 4880 respectum
2136 4796 2216 4861 ad
2261 4800 2544 4861 nostram
2590 4796 3115 4880 imaginationem

495 4888 696 4965 esset3
763 4883 1116 4968 dicuntque
1182 4883 1392 4950 Deum
1454 4886 1669 4949 omnia
1727 4885 1952 4951 ordine
2013 4904 2279 4970 creasse,
2325 4891 2389 4951 et
2431 4885 2555 4950 hoc
2598 4885 2787 4950 modo
2832 4886 2960 4970 ipsi
3003 4904 3119 4951 neq
