3609 5642
510 517 596 584 34
1537 538 1785 585 merom
1831 537 1987 585 rm
2029 538 2092 583 11.

508 706 728 772 eodem
801 724 942 771 sese
1009 708 1286 772 invicem
1355 709 1732 791 secantium,
1790 706 2167 791 rectangula
2225 703 2347 770 sub
2394 706 2740 789 segmentis
2788 705 2918 769 sint
2962 704 3131 769 inter

507 814 576 860 se
638 796 949 880 aequalia3
1012 815 1213 880 quare
1281 799 1352 860 in
1421 796 1663 860 circulo
1731 796 1985 860 infinita
2050 796 2220 860 inter
2287 811 2357 859 se
2424 793 2701 877 aequalia
2757 793 3131 877 rectangula

1381 886 1824 950 continentur:
1872 889 2151 950 attamen
2192 884 2445 947 nullum
2486 901 2710 947 eorum
2748 886 2957 966 potest
3003 881 3129 945 dici

475 968 479 973 ’
1381 974 1675 1055 existere,
1755 976 1885 1039 nisi
1959 979 2279 1058 quatenus
2349 972 2635 1037 circulus
2703 972 2941 1052 existit,
3012 989 3132 1036 nec

1381 1064 1572 1129 etiam
1619 1064 1894 1147 alicujus
1932 1063 2162 1127 horum
2200 1062 2718 1145 rectangulorum
2756 1061 2901 1125 idea
2919 1066 3131 1144 potest

1383 1152 1512 1217 dici
1558 1154 1852 1235 existere,
1896 1153 2023 1217 nisi
2069 1156 2388 1235 quatenus
2422 1151 2490 1214 in
2530 1150 2754 1216 circuli
2790 1149 2934 1214 idea
2957 1168 3130 1213 com-

1384 1241 1816 1326 prehenditur.
1877 1240 2336 1325 concipiantur
2372 1241 2507 1323 jam
2553 1258 2638 1305 ex
2681 1237 2954 1304 infinitis
2997 1239 3129 1303 illis

1385 1331 1515 1396 duo
1583 1335 1858 1413 tantum,
1926 1349 2156 1415 nempe
2221 1328 2277 1392 E
2347 1334 2410 1394 et
2475 1327 2535 1393 D
2602 1330 2900 1394 existere.
2959 1326 3130 1392 Sane

1384 1439 1605 1486 eorum
1677 1421 1867 1485 etiam
1934 1419 2096 1485 ideae
2150 1421 2284 1502 Jam
2346 1437 2478 1483 non
2523 1422 2775 1483 tantum
2820 1417 3131 1499 existunt,

637 1472 1241 1671 ’ν
1386 1515 1702 1594 quatenus
1769 1509 2174 1574 solummodo
2241 1512 2312 1572 in
2374 1508 2601 1573 circuli
2657 1508 2802 1572 idea
2844 1524 3129 1591 compre·

1386 1597 1794 1680 henduntur3
1866 1599 1981 1664 sed
2040 1599 2250 1681 etiam,
2310 1603 2630 1682 quatenus
2687 1597 2949 1661 illorum
2994 1615 3128 1661 rec·

1388 1688 1800 1772 tangulorum
1865 1690 2271 1754 existentiam
2317 1688 2695 1768 involvunt3
2745 1706 2875 1770 quo
2919 1684 3010 1769 fit,
3054 1689 3130 1751 ut

505 1797 543 1842 a
586 1777 854 1861 reliquis
897 1777 1295 1860 reliquorum
1340 1778 1860 1862 rectangulorum
1907 1779 2071 1843 ideis
2116 1777 2613 1862 distinguantur.

1365 1913 2067 1981 PROPOSITIO
2151 1915 2267 1980 IX.

590 2028 748 2095 Idea
791 2029 886 2094 rei
927 2029 1294 2114 sinqnlaris,
1337 2033 1482 2095 actu
1524 2030 1869 2113 existentis,
1913 2029 2120 2095 Deum
2155 2049 2279 2111 pro
2320 2049 2513 2097 causa
2558 2028 2751 2112 habet,
2796 2047 2928 2093 non
2969 2045 3125 2112 qua-

503 2123 686 2183 tenus
724 2118 1026 2201 infinitus
1068 2123 1178 2200 est,
1218 2118 1330 2183 sed
1370 2125 1680 2200 quatenus
1724 2120 1860 2184 alid
1904 2121 2000 2184 rei
2041 2119 2386 2203 sinyularis
2427 2125 2577 2185 actu
2619 2119 2939 2183 existentis
2983 2116 3127 2180 idea

503 2206 760 2287 affectus
815 2207 1265 2284 consideratur,
1321 2210 1504 2294 eujus
1559 2209 1748 2275 etiam
1794 2208 1972 2275 Deus
2016 2216 2106 2275 est
2150 2229 2359 2287 causa,
2403 2213 2715 2295 quatenus
2759 2206 2895 2272 alia
2937 2205 3126 2271 tertic‘i

501 2297 772 2381 affectus
813 2302 922 2382 est,
967 2302 1026 2363 et
1065 2299 1157 2363 sic
1198 2298 1270 2361 in
1313 2297 1658 2380 infinitum.

1444 2432 2157 2479 DEMONSTRATIQ

591 2510 745 2577 Idea
808 2514 902 2578 rei
970 2513 1335 2597 singularis,
1378 2519 1526 2579 actu
1573 2515 1928 2596 existentis,
1973 2513 2204 2578 modus
2250 2513 2596 2598 singularis
2642 2509 2965 2595 cogitandi
3009 2513 3123 2590 est,

503 2605 567 2665 et
613 2621 651 2666 a
695 2601 964 2686 reliquis
1008 2602 1351 2668 distinctus
1395 2606 1544 2684 (per
1591 2602 1809 2668 Coroll.
1856 2607 1915 2668 et
1958 2600 2152 2668 Schol.
2199 2600 2387 2683 Prop.
2436 2602 2496 2666 8.
2540 2600 2792 2685 hujus);
2833 2600 3124 2681 adeoque

502 2696 646 2771 (per
689 2689 883 2772 Prop.
931 2692 989 2756 6.
1034 2690 1245 2775 hujus)
1290 2690 1522 2774 Deum,
1570 2697 1892 2777 quatenus
1936 2696 2034 2757 est
2057 2697 2306 2757 tantum
2330 2710 2433 2756 res
2457 2692 2764 2776 cogitans,
2786 2709 2905 2775 pro
2929 2707 3126 2753 causa

500 2779 708 2845 habet.
753 2780 842 2845 At
888 2799 1015 2845 non
1065 2785 1208 2864 (per
1252 2779 1448 2862 Prop.
1494 2781 1599 2846 28.
1631 2801 1701 2862 p.
1749 2782 1831 2856 1.)
1878 2785 2201 2866 quatenus
2247 2786 2344 2847 est
2366 2800 2470 2846 res
2494 2781 2787 2846 absolute
2810 2779 3122 2863 cogitans,

502 2868 614 2933 sed
658 2874 977 2953 quatenus
1020 2870 1143 2934 alio
1194 2870 1514 2954 cogitandi
1560 2870 1748 2936 modo
1785 2871 2051 2937 affectus
2097 2870 2573 2950 consideratur,
2557 2892 2572 2906 ·
2622 2874 2687 2934 et
2709 2870 2905 2952 hujus
2928 2869 3120 2932 etiam

500 2955 679 3022 Deus
724 2963 821 3023 est
865 2978 1060 3023 causa
1088 2956 1152 3042 ¹),
1197 2964 1519 3044 quatenus
1563 2960 1690 3025 alio
1736 2960 2002 3025 affectus
2047 2965 2162 3043 est,
2208 2965 2271 3025 et
2314 2962 2409 3025 sic
2443 2960 2512 3023 ιιι
2549 2957 2892 3024 infinitum.
2917 2956 3123 3041 Atqui

501 3046 655 3111 ordo
724 3051 787 3112 et
853 3047 1170 3113 connexio
1234 3049 1525 3114 idearum
1587 3052 1735 3130 (per
1776 3048 1967 3131 Prop.
2015 3048 2074 3112 7.
2119 3048 2332 3134 hujus)
2378 3048 2549 3113 idem
2597 3053 2693 3113 est
2738 3066 2813 3112 ac
2857 3045 3012 3112 ordo
3060 3049 3124 3110 et

497 3138 815 3200 connexio
885 3157 1262 3218 causarum3
1324 3157 1475 3223 ergo
1520 3140 1718 3203 unius
1764 3139 2113 3223 singularis
2159 3139 2322 3203 ideae
2366 3138 2493 3202 alia
2536 3137 2698 3218 idea,
2743 3136 2882 3201 sive
2924 3133 3124 3216 Deus,

499 3231 817 3308 quatenus
884 3227 1008 3290 alia
1074 3228 1216 3293 idea
1285 3227 1550 3294 affectus
1617 3228 2076 3310 consideratur,
2144 3232 2242 3293 est
2301 3232 2514 3308 causa,
2558 3231 2622 3291 et
2666 3227 2861 3309 hujus
2907 3225 3123 3306 etiam,

498 3321 816 3398 quatenus
860 3315 985 3380 alia
1028 3316 1293 3381 affectus
1339 3322 1453 3400 est,
1498 3321 1562 3382 et
1607 3319 1701 3382 sic
1745 3319 1815 3381 ιιι
1861 3317 2208 3382 infinitum.
2258 3315 2326 3395 Q.
2373 3314 2453 3380 E.
2501 3312 2586 3381 D.

1482 3448 2142 3495 conoLLARIUu

583 3526 904 3613 Quicquid
948 3531 1018 3593 in
1065 3530 1378 3615 singulari
1424 3533 1874 3616 cujuscunque
1919 3530 2082 3596 ideae
2130 3529 2375 3614 objecto
2415 3530 2728 3613 contingit
2766 3530 2907 3612 ejus
2931 3527 3120 3592 datur

494 3619 562 3680 in
609 3615 746 3682 Deo
791 3621 1089 3704 cognitio,
1135 3625 1455 3704 quatenus
1499 3625 1751 3685 tantum
1794 3639 1851 3703 eJ
1836 3621 2083 3685 usdem
2129 3618 2361 3703 objecti
2404 3620 2614 3684 ideam
2664 3617 2871 3683 habet.

1453 3751 2168 3798 DEMONSTRATIO.

583 3828 905 3915 Quicquid
964 3833 1029 3895 ιιι
1081 3831 1326 3916 objecto
1371 3835 1821 3918 quuscunque
1865 3835 2027 3898 ideae
2074 3834 2404 3918 contingit,
2450 3834 2589 3916 ejus
2636 3832 2824 3897 datur
2866 3833 2933 3894 in
2979 3828 3118 3894 Deo

487 3918 634 3984 idea
679 3924 825 4001 (per
866 3920 1055 4003 Pmp.
1100 3922 1159 3985 3.
1206 3921 1421 4007 hujus)
1469 3942 1601 3988 non
1640 3927 1961 4006 quatenus
1998 3922 2292 3988 infinitus
2329 3927 2443 4004 est,
2482 3922 2596 3987 sed
2634 3927 2955 4006 quatenus
2994 3920 3120 3983 alia

490 4010 583 4073 rei
651 4010 996 4095 singularis
1040 4011 1183 4077 idea
1227 4012 1492 4077 affectus
1538 4013 1980 4078 consideratur
2023 4014 2170 4093 (per
2209 4011 2471 4092 proeced.
2517 4009 2762 4092 Prop.);
2813 4011 2926 4076 sed
2971 4011 3121 4089 (per

491 4096 679 4179 Prop.
729 4099 787 4163 7.
833 4097 1043 4184 hujus)
1102 4100 1256 4167 ordo
1317 4106 1381 4167 et
1442 4104 1760 4166 connexio
1820 4103 2107 4167 idearum
2169 4103 2337 4167 idem
2401 4105 2497 4166 est
2541 4121 2615 4166 ac
2661 4100 2813 4165 ordo
2861 4103 2925 4165 et
2968 4117 3118 4162 con-

490 4190 684 4252 nexio
730 4207 979 4269 rerum3
1029 4191 1150 4255 erit
1192 4209 1342 4275 ergo
1389 4192 1668 4275 cognitio
1715 4193 1875 4275 ejus,
1921 4192 2095 4275 quod
2139 4192 2208 4254 in
2254 4190 2567 4275 singulari
2613 4191 2830 4273 aliquo
2871 4188 3116 4270 objecto

454 4338 459 4345 .
490 4278 817 4362 contingit,
863 4281 933 4340 in
972 4276 1128 4363 Deo,
1164 4286 1484 4364 quatenus
1507 4284 1758 4345 tantum
1783 4280 2073 4364 ejusdem
2098 4279 2328 4364 objecti
2352 4279 2540 4345 habet
2582 4279 2807 4345 ideam.
2835 4276 2903 4356 Q.
2929 4276 3008 4342 E.
3032 4275 3116 4340 D.

1360 4414 2065 4483 PROPOSITIO
2155 4417 2240 4482 X.

576 4525 686 4591 Ad
752 4528 1082 4593 essentiam
1146 4528 1414 4594 hominis
1480 4549 1609 4596 non
1667 4532 1941 4613 pertinet
1998 4551 2128 4597 esse
2171 4531 2553 4615 substantioe,
2594 4530 2719 4596 sive
2761 4528 3119 4595 substantia

488 4615 765 4699 formam
808 4614 1081 4684 hominis
1119 4635 1252 4684 non
1292 4621 1625 4686 constituit.

551 4899 610 4967 1)
645 4901 794 4954 Vers.
828 4903 974 4970 Belg.
1008 4931 1076 4944 ·-
1114 4904 1208 4957 Ed.
1247 4904 1357 4958 Pr.:
1400 4910 1454 4959 et
1487 4905 1655 4974 hujus
1687 4907 1871 4975 etiam,
1903 4911 2188 4974 quatenus.
