3609 5642
513 543 640 605 138
1535 559 1784 605 mmcss
1828 559 1983 605 uns
2023 560 2112 603 ιν.

503 726 775 791 Nullum
816 746 1076 810 numen,
1122 746 1241 792 nec
1286 727 1470 810 alius,
1514 727 1642 791 nisi
1685 727 1967 811 invidus,
2015 745 2154 791 mea
2197 726 2569 810 impotentia
2612 729 2675 789 et
2709 726 3117 789 incommodo

505 816 873 899 delectatur,
932 836 1052 881 nec
1110 815 1296 880 nobis
1355 817 1668 898 lacrimaS,
1728 817 2073 900 singultus,
2134 819 2397 897 metum,
2457 819 2519 880 et
2564 814 2688 878 alia
2734 815 3120 897 hujusmodi,

507 925 652 989 quae
698 907 896 970 animi
940 906 1306 989 impotentis
1351 909 1506 970 sunt
1552 906 1753 989 signa,
1799 906 2023 969 virtuti
2063 904 2274 984 ducit3
2315 903 2426 969 sed
2465 907 2703 986 contra,
2727 922 2854 986 quo
2893 906 3119 986 majori

503 994 756 1059 Laetitia
814 993 1147 1077 afficimur,
1195 1012 1268 1059 eo
1331 994 1411 1058 ad
1458 995 1761 1078 majorem
1806 994 2260 1078 perfectionem
2292 994 2669 1075 transimuS,
2715 993 2836 1056 hoc
2882 997 2997 1076 est,
3042 1011 3118 1056 co

504 1103 623 1148 nos
672 1085 877 1168 magis
923 1084 1002 1149 de
1046 1088 1275 1148 natura
1319 1083 1539 1147 divina
1583 1084 1964 1167 participare
2009 1100 2270 1147 necesse
2316 1085 2430 1146 est.
2473 1080 2692 1147 Rebus
2736 1083 2955 1165 itaque
3003 1084 3118 1163 uti,

505 1178 569 1237 et
616 1173 716 1256 iis,
763 1178 1076 1256 quantum
1120 1171 1261 1236 fieri
1304 1176 1531 1256 potest,
1577 1172 1875 1237 delectari
1920 1174 2073 1252 (non
2121 1170 2381 1254 quidem
2427 1171 2507 1234 ad
2551 1189 2855 1235 nauseam
2893 1188 3120 1253 usque,

507 1280 653 1325 nam
718 1262 837 1326 hoc
897 1262 1194 1327 delectari
1238 1280 1369 1325 non
1415 1264 1552 1344 est),
1597 1261 1719 1324 viri
1764 1266 1862 1326 est
1909 1260 2231 1345 sapientis.
2279 1258 2439 1341 Viri,
2483 1260 2769 1343 inquam,
2814 1260 3119 1343 sapientis

506 1355 621 1431 est,
668 1350 989 1416 moderato
1035 1355 1097 1416 et
1141 1352 1327 1414 suavi
1371 1350 1514 1415 cibo
1558 1355 1620 1415 et
1663 1356 1820 1434 potu
1869 1369 1938 1416 se
1984 1348 2242 1414 reficere
2287 1354 2353 1412 et
2395 1367 2696 1430 recreare,
2741 1352 2813 1412 ut
2858 1354 2921 1412 et
2966 1348 3115 1411 odo·

504 1438 703 1522 ribuS,
754 1441 1116 1523 plantarum
1165 1440 1510 1504 virentium
1555 1441 1941 1520 amoenitate,
1986 1443 2235 1519 ornatu,
2280 1438 2546 1517 musica,
2592 1437 2764 1502 ludis
2812 1438 3119 1502 exercita-

503 1530 703 1611 toriis,
769 1529 1049 1611 theatriS,
1117 1532 1180 1592 et
1247 1529 1391 1593 aliis
1457 1528 1848 1611 hujusmodi,
1911 1527 2149 1611 quibus
2199 1527 2648 1610 unusquisque
2694 1525 2939 1609 absque
2983 1526 3118 1590 ullo

503 1617 767 1682 alterius
833 1617 1066 1682 damno
1134 1618 1231 1681 uti
1298 1622 1521 1702 potest.
1590 1616 1837 1701 Corpus
1905 1634 2185 1701 namque
2254 1616 2606 1680 humanum
2675 1633 2758 1679 ex
2820 1616 3118 1698 plurimis

504 1707 771 1771 diversae
808 1711 1053 1771 naturae
1091 1705 1379 1790 partibus
1416 1707 1837 1790 componitur,
1877 1725 2021 1790 quse
2061 1705 2365 1769 continuo
2404 1724 2573 1769 novo
2610 1704 2911 1768 alimento
2952 1704 3119 1767 indi-

501 1800 656 1879 gent
699 1801 764 1860 et
807 1798 1003 1879 vari0,
1049 1799 1123 1859 ut
1166 1799 1370 1860 totum
1418 1794 1664 1879 Corpus
1710 1795 1790 1859 ad
1838 1797 2070 1877 omnia,
2117 1813 2262 1878 quae
2301 1812 2386 1858 ex
2422 1794 2626 1877 ipsius
2664 1797 2895 1857 natura
2934 1795 3120 1877 sequi

503 1889 793 1968 possunt,
854 1902 1039 1969 aeque
1097 1888 1319 1968 aptum
1378 1884 1478 1966 sit,
1524 1888 1588 1949 et
1647 1889 2116 1968 consequenter
2161 1888 2234 1948 ut
2278 1881 2463 1947 Mens
2507 1884 2698 1948 etiam
2744 1901 2928 1966 aeque
2972 1887 3118 1966 apta

505 1975 590 2038 sit
660 1973 739 2038 ad
806 1974 992 2057 plura
1061 1974 1255 2038 simul
1319 1973 1830 2057 intelligendum.
1889 1972 2031 2038 Hoc
2076 1974 2294 2056 itaque
2337 1971 2599 2036 vivendi
2641 1972 3010 2036 institutum
3057 1976 3119 2036 et

503 2082 652 2127 cum
696 2065 934 2128 nostris
979 2063 1310 2147 principiis
1354 2066 1418 2127 et
1462 2082 1610 2127 cum
1656 2064 1985 2127 communi
2032 2063 2215 2146 praxi
2253 2061 2491 2144 optime
2529 2062 2859 2140 convenit3
2903 2080 3119 2144 quare,

504 2153 560 2215 si
606 2170 752 2235 quae
797 2151 938 2235 alia,
984 2153 1121 2215 haec
1164 2152 1428 2216 vivendi
1471 2153 1633 2215 ratio
1681 2153 1919 2235 optima
1963 2156 2078 2233 est,
2115 2156 2179 2215 et
2215 2149 2514 2214 omnibus
2555 2149 2761 2214 modis
2798 2168 3119 2214 commen-

505 2240 714 2304 danda
725 2263 742 2320 3
791 2260 910 2306 nec
955 2260 1118 2325 opus
1165 2246 1263 2306 est
1309 2240 1388 2305 de
1433 2241 1532 2305 his
1578 2240 1816 2305 clarius
1860 2259 2073 2324 neque
2118 2239 2437 2325 prolixius
2482 2257 2686 2324 agere.

1310 2387 2003 2455 PROPOSITIO
2092 2387 2326 2453 XLVI.

597 2501 721 2583 Qui
784 2525 860 2569 ex
923 2503 1119 2569 ductu
1185 2502 1478 2570 Rationis
1537 2503 1704 2587 vivit,
1771 2508 2082 2589 quantum
2137 2505 2343 2586 potest
2401 2506 2681 2584 conatur,
2725 2499 2984 2566 alterius
3044 2501 3119 2565 in

504 2593 708 2678 ipsum
774 2592 1017 2677 Odium,
1070 2593 1268 2676 Iram,
1315 2591 1758 2678 Oontoenptum,
1800 2596 1910 2657 etc.
1959 2591 2188 2657 Amore
2231 2594 2469 2674 contra,
2512 2590 2640 2655 sive
2688 2588 3119 2657 &onerositate

502 2700 912 2763 compensare.

1453 2788 2168 2835 DEMONSTRATIQ

595 2870 835 2936 Omnes
881 2869 1028 2936 Odii
1073 2870 1338 2935 affectus
1386 2870 1535 2934 mali
1580 2876 1733 2935 sunt
1776 2873 1925 2954 (per
1974 2868 2196 2937 Ooroll.
2236 2869 2295 2934 1.
2329 2888 2511 2954 proec.
2536 2868 2786 2951 Prop.);
2813 2869 3119 2953 adeoque,

504 2962 618 3044 qui
686 2978 770 3026 ex
839 2959 1037 3024 ductu
1104 2958 1397 3025 Rationis
1468 2961 1643 3043 vivit,
1704 2964 2015 3044 quantum
2080 2963 2288 3043 potest
2348 2958 2684 3023 conabitur
2725 2958 2992 3041 efficere,
3037 2976 3120 3022 ne

504 3047 655 3113 Odii
700 3048 1031 3113 affectibus
1076 3047 1474 3114 conflictetur
1517 3054 1668 3133 (per
1711 3047 1909 3132 Prop.
1955 3048 2059 3112 19.
2101 3047 2331 3131 hujus),
2369 3052 2431 3113 et
2469 3054 2933 3132 consequenter
2968 3052 3120 3130 (per

501 3136 693 3223 Prop.
740 3135 842 3201 37.
889 3136 1105 3221 hujus)
1173 3137 1523 3220 conabitur,
1591 3155 1674 3202 ne
1741 3140 1932 3203 etiam
1995 3139 2162 3202 alius
2207 3137 2462 3203 eosdem
2509 3138 2786 3221 patiatur
2833 3137 3117 3201 affectus.

503 3227 594 3292 At
660 3225 896 3291 Odium
968 3225 1131 3292 Odio
1193 3230 1516 3311 reciproco
1577 3232 1866 3311 augetur,
1912 3232 1975 3292 et
2020 3228 2259 3291 Amore
2303 3231 2524 3292 contra
2571 3227 2865 3310 extingui
2910 3229 3120 3310 potest

505 3319 653 3400 (per
698 3315 891 3399 Prop.
939 3315 1043 3381 43.
1081 3336 1144 3400 p.
1189 3314 1289 3396 3.),
1347 3317 1435 3380 ita
1495 3320 1568 3381 ut
1626 3314 1865 3381 Odium
1926 3318 1995 3379 in
2056 3317 2360 3380 Amorem
2405 3320 2686 3381 transeat
2730 3318 2880 3396 (per
2923 3313 3118 3394 Prop.

504 3405 608 3469 44.
649 3424 712 3485 p.
759 3404 872 3487 3.);
944 3404 1115 3490 Ergo
1185 3407 1299 3488 qui
1364 3423 1448 3469 ex
1515 3406 1716 3470 ductu
1784 3404 2071 3471 Rationis
2137 3405 2314 3486 vivit,
2373 3405 2637 3470 alterius
2697 3403 2953 3486 Odium,
2998 3408 3118 3468 etc.

503 3495 743 3560 Amore
787 3497 1005 3559 contra
1049 3511 1460 3578 compensare
1503 3493 1858 3574 conabitur,
1901 3495 2023 3558 hoc
2065 3499 2164 3559 est
2203 3493 2639 3560 Generositate
2676 3494 2879 3580 (cujus
2902 3492 3119 3575 Defin.

501 3583 642 3649 vide
684 3583 759 3648 ‘im
804 3580 998 3649 Schol.
1043 3581 1235 3663 Prop.
1282 3583 1384 3646 59.
1428 3602 1491 3668 p.
1537 3582 1640 3667 3.),
1692 3582 1761 3662 Q.
1806 3581 1887 3648 E.
1934 3581 2018 3647 D.

1577 3715 2050 3761 SOHOLIUM.

593 3796 721 3874 Qui
764 3797 854 3880 inj
862 3797 1035 3860 urias
1079 3798 1400 3880 reciproco
1448 3795 1610 3861 Odio
1655 3797 1980 3861 vindicare
2024 3796 2183 3880 vult,
2229 3796 2458 3861 misere
2495 3796 2776 3881 profecto
2816 3797 2992 3859 vivit.
3032 3797 3119 3860 At

505 3889 620 3971 qui
665 3889 887 3950 contra
932 3884 1148 3950 studet
1193 3883 1429 3949 Odium
1477 3887 1718 3951 Amore
1763 3904 2155 3970 expugnare,
2198 3885 2308 3950 ille
2354 3903 2509 3950 sane
2555 3886 2742 3950 laetus
2787 3890 2850 3950 et
2893 3904 3119 3950 secure

502 3979 763 4059 pugnat,
809 3993 993 4058 aeque
1035 3973 1221 4038 facile
1267 3975 1380 4037 uni
1425 3975 1671 4038 homini
1717 3994 1791 4039 ac
1837 3974 2151 4078 pluribus
2179 3976 2436 4056 resistit,
2475 3979 2538 4039 et
2574 3974 2848 4039 fortunae
2872 3975 3118 4039 auxilio

505 4084 696 4147 quam
769 4066 1031 4128 minime
1096 4063 1356 4146 indiget.
1418 4061 1595 4139 Quos
1645 4082 1799 4127 vero
1848 4065 2064 4147 vincit,
2108 4064 2157 4126 ii
2202 4064 2331 4127 laeti
2377 4063 2633 4145 cedunt,
2680 4083 2811 4127 non
2856 4064 3115 4147 quidem

504 4172 587 4217 ex
633 4151 900 4235 defectu,
946 4152 1057 4218 sed
1103 4170 1185 4216 ex
1230 4153 1624 4217 incremento
1670 4155 1943 4234 virium3
1995 4173 2140 4237 quae
2186 4154 2400 4217 omnia
2439 4152 2595 4217 adeo
2634 4153 2803 4218 clare
2841 4171 2924 4217 ex
2963 4153 3117 4217 solis

504 4243 766 4306 Amoris
812 4245 875 4306 et
917 4240 1289 4306 Intellectus
1336 4240 1818 4307 definitionibus
1865 4247 2246 4325 sequuntur,
2291 4246 2364 4306 ut
2400 4261 2564 4325 opus
2604 4261 2734 4306 non
2773 4243 2858 4306 sit
2895 4242 3116 4307 eadem

505 4331 830 4415 sigillatim
878 4329 1323 4395 demonstrare.

1282 4478 1975 4546 PROPOSITIO
2064 4480 2330 4547 XLVII.

593 4590 740 4676 Spei
782 4598 841 4656 et
882 4590 1098 4657 Metus
1139 4590 1394 4671 affectus
1436 4612 1567 4658 non
1607 4597 1876 4677 possunt
1915 4614 2046 4660 esse
2085 4614 2200 4678 per
2243 4614 2307 4660 se
2349 4593 2507 4660 boni.

1458 4728 2170 4774 DEMONSTRATIQ

590 4804 739 4891 Spei
807 4810 869 4873 et
935 4804 1145 4872 Metus
1211 4807 1472 4874 affectus
1534 4811 1673 4874 sine
1731 4809 2013 4875 Tristitia
2071 4830 2203 4875 non
2249 4811 2499 4876 dantur.
2543 4808 2713 4875 Nam
2756 4807 2973 4874 Metus
3020 4813 3117 4873 est

505 4897 652 4976 (per
699 4894 802 4961 13.
848 4894 1062 4976 Affect.
1108 4894 1339 4979 Defin.)
1384 4896 1681 4983 Tristitia,
1725 4904 1789 4964 et
1834 4899 1994 4985 Spes
2039 4900 2199 4980 (vide
2243 4899 2738 4985 Explicationem
2773 4898 2878 4963 12.
2916 4902 2976 4963 et
3014 4897 3117 4962 13.
