3609 5642
1158 1525 2354 1663 ETHIOES

1433 1790 1691 1866 PARS
1742 1789 2086 1885 PRIMA,

1331 1988 1580 2086 DE
1724 1986 2167 2088 DEO.

1324 2184 1327 2189 ’
1440 2185 2063 2283 nnrmmorsns

520 2329 572 2393 I.
634 2329 760 2395 Per
818 2350 1079 2396 causam
1124 2334 1228 2397 sui
1272 2332 1561 2416 intelligo
1606 2333 1693 2415 id,
1738 2334 1928 2415 cujus
1975 2332 2256 2396 essentia
2298 2330 2572 2394 involvit
2616 2329 3059 2408 existentiam3

434 2420 575 2483 sive
618 2420 706 2501 id,
749 2422 937 2504 cujus
982 2426 1213 2485 natura
1259 2442 1390 2486 non
1437 2425 1646 2507 potest
1689 2423 1944 2505 concipi
1988 2421 2116 2486 nisi
2160 2421 2463 2484 existens.

521 2507 606 2571 IL
674 2509 771 2573 Ea
835 2529 940 2575 res
1003 2510 1238 2575 dicitur
1299 2513 1370 2576 in
1430 2531 1549 2576 suo
1594 2530 1829 2596 genere
1872 2510 2071 2592 finita,
2117 2528 2267 2592 quae
2311 2509 2436 2573 alia
2479 2507 2763 2591 ejusdem
2812 2510 3061 2571 naturae

433 2598 767 2662 terminari
834 2607 1057 2684 potest.
1128 2600 1249 2665 Ex.
1307 2620 1400 2685 gr.
1462 2620 1696 2685 corpus
1757 2601 1994 2665 dicitur
2053 2598 2330 2682 finitum,
2392 2600 2545 2684 quia
2592 2596 2765 2661 aliud
2814 2614 3063 2680 semper

437 2688 649 2769 majus
694 2690 1108 2774 concipimus.
1156 2688 1263 2754 Sic
1309 2691 1607 2773 cogitatio
1654 2690 1780 2754 alia
1826 2691 2209 2774 cogitatione
2252 2690 2649 2753 terminatur.
2695 2686 2785 2749 At
2827 2704 3061 2771 corpus

435 2794 569 2840 non
615 2778 997 2843 terminatur
1042 2781 1440 2863 cogitatione,
1487 2798 1607 2844 nec
1650 2780 1951 2864 cogitatio
1999 2797 2279 2863 corpore.

523 2863 640 2930 III.
684 2865 810 2931 Per
855 2868 1278 2934 substantiam
1324 2868 1613 2953 intelligo
1657 2869 1745 2952 id,
1793 2868 1965 2953 quod
2010 2868 2080 2931 in
2127 2886 2197 2933 se
2244 2871 2358 2949 est,
2402 2869 2465 2931 et
2509 2883 2623 2950 per
2667 2883 2737 2929 se
2781 2863 3061 2947 concipi-

435 2958 577 3018 tur:
639 2956 763 3020 hoc
823 2961 920 3022 est
978 2958 1063 3041 id,
1110 2960 1298 3042 cujus
1343 2964 1692 3044 conceptus
1738 2978 1871 3023 non
1915 2957 2161 3042 indiget
2205 2960 2516 3040 conceptu
2561 2954 2825 3018 alterius
2869 2954 2981 3035 rei,
3023 2971 3061 3016 a

437 3063 567 3128 quo
611 3043 877 3110 formari
921 3046 1162 3113 debeat.

522 3131 639 3197 IV.
695 3133 823 3199 Per
863 3135 1246 3202 attributum
1291 3136 1582 3221 intelligo
1631 3136 1715 3214 id,
1760 3135 1936 3220 quod
1982 3135 2346 3200 intellectus
2391 3132 2470 3197 de
2518 3130 2877 3196 substantia
2920 3149 3061 3214 per·

437 3223 610 3306 cipit,
652 3227 960 3308 tanquam
1008 3226 1295 3310 eiusdem
1341 3228 1684 3292 essentiam
1731 3226 2150 3291 constituens.

523 3309 603 3375 V.
647 3311 773 3378 Per
818 3315 1080 3380 modum
1125 3315 1416 3401 intelligo
1463 3314 1842 3381 substantiae
1887 3314 2273 3396 affectiones,
2319 3311 2457 3376 sive
2494 3309 2580 3393 id,
2616 3308 2791 3394 quod
2826 3310 2897 3372 in
2936 3309 3061 3373 alio

434 3404 550 3482 est,
593 3419 707 3485 per
753 3403 928 3488 quod
975 3406 1166 3470 etiam
1211 3406 1587 3491 concipitur.

524 3488 636 3554 VI.
683 3490 809 3556 Per
853 3492 1064 3559 Deum
1111 3495 1400 3579 intelligo
1446 3514 1562 3560 ens
1608 3493 1901 3558 absolute
1942 3491 2288 3572 infinitum,
2326 3490 2445 3553 hoc
2483 3494 2598 3570 est,
2634 3485 3061 3552 substantiam

437 3585 834 3669 constantem
878 3583 1155 3649 infinitis
1199 3584 1544 3668 attributis,
1588 3603 1865 3669 quorum
1911 3579 2425 3664 unumquodque
2470 3583 2773 3643 aeternam
2818 3580 2881 3641 et
2920 3573 3062 3639 infi-

441 3668 642 3733 nitam
685 3674 1029 3737 essentiam
1075 3675 1393 3759 exprimit.

1463 3805 2046 3851 nxrn1cxr1a

529 3883 689 3950 Dico
752 3885 1042 3953 absolute
1104 3887 1450 3972 infinitum,
1496 3908 1627 3952 non
1673 3894 1887 3953 autem
1936 3889 2005 3951 in
2051 3906 2172 3952 suo
2215 3903 2483 3970 genere;
2532 3880 2843 3968 quicquid
2888 3881 3060 3944 enim

440 3975 511 4038 in
578 3993 697 4039 suo
763 3995 998 4060 genere
1057 3982 1306 4043 tantum
1369 3976 1696 4043 infinitum
1756 3982 1871 4060 est,
1929 3975 2181 4041 infinita
2242 3975 2321 4039 de
2365 3993 2439 4040 eo
2484 3971 2788 4038 attributa
2830 3987 3064 4052 negare

442 4082 824 4148 possumus3
875 4066 1051 4150 quod
1094 4073 1309 4133 autem
1336 4066 1646 4132 'absolute
1690 4066 2018 4131 infinitum
2063 4069 2178 4147 est,
2223 4063 2304 4129 ad
2350 4065 2491 4147 ejus
2537 4061 2880 4128 essentiam
2923 4077 3063 4141 per-

443 4154 620 4232 tinet,
664 4156 973 4239 quicquid
1021 4157 1365 4222 essentiam
1411 4158 1714 4241 exprimit
1758 4161 1824 4221 et
1867 4155 2269 4240 negationem
2316 4153 2559 4218 nullam
2604 4148 2892 4214 involvit.

531 4241 677 4307 VH.
746 4243 842 4308 Ea
908 4263 1012 4311 res
1079 4244 1279 4311 libera
1346 4246 1612 4327 dicetur,
1672 4265 1822 4330 quse
1881 4264 1967 4310 ex
2027 4244 2164 4309 sola
2210 4261 2347 4307 suae
2394 4245 2642 4306 naturae
2686 4238 3064 4302 necessitate

444 4330 683 4415 existit,
741 4338 806 4398 et
850 4354 887 4397 a
932 4353 1003 4399 se
1048 4336 1185 4399 sola
1230 4334 1311 4399 ad
1356 4336 1677 4419 agendum
1723 4335 2215 4400 determinatur:
2262 4331 2638 4397 Necessaria
2683 4332 2918 4408 autem,
2961 4326 3064 4390 vel

443 4422 659 4505 potius
705 4427 940 4505 coacta,
987 4443 1137 4508 quae
1182 4424 1263 4488 ab
1310 4424 1436 4489 alio
1482 4423 1942 4490 determinatur
1985 4422 2067 4487 ad
2113 4420 2521 4487 existendum
2569 4424 2632 4485 et
2670 4415 3063 4503 operandum

444 4516 619 4576 certa
664 4530 739 4574 ac
783 4511 1201 4578 determinata
1245 4515 1507 4578 ratione.

532 4599 713 4664 Vm.
759 4600 884 4666 Per
930 4604 1347 4668 aeternitatem
1395 4602 1682 4686 intelligo
1728 4603 1936 4687 ipsam
1982 4601 2409 4682 existentiam,
2447 4601 2769 4683 quatenus
2806 4615 2891 4661 ex
2929 4594 3066 4658 sola

451 4690 540 4754 rei
585 4695 846 4755 aeternae
892 4690 1262 4757 definitione
1304 4693 1664 4757 necessario
1712 4692 1899 4774 sequi
1943 4690 2319 4774 concipitur.

1476 4821 2050 4869 EXPLIOA'HO.

534 4902 702 4969 Talis
748 4907 920 4970 enim
968 4907 1311 4972 existentia
1357 4911 1430 4971 ut
1477 4909 1716 4971 aeterna
1753 4906 2006 4989 veritas,
2044 4904 2214 4968 sicut
2250 4904 2345 4967 rei
2381 4901 2674 4982 essentia,
2695 4897 3073 4982 concipitur,

2830 5006 2862 5058 1
