3609 5642
499 465 585 527 88
1516 479 1763 525 mmcns
1806 479 1961 524 uns
2005 478 2095 524 111.

1439 665 2160 714 nunonsrnarlo.

588 748 714 827 Qui
757 751 886 836 aliq
888 769 1038 815 uem
1083 750 1228 815 odio
1271 749 1567 815 affectum
1612 751 2021 834 imaginatur,
2066 766 2140 813 eo
2185 748 2327 833 ipso
2373 750 2564 814 etiam
2612 747 2758 813 odio
2796 747 3113 814 afficietur

498 843 646 925 (per
688 772 886 924 ΡνοΡ(1
927 839 1030 905 27.
1077 838 1312 924 hujus),
1376 840 1499 904 hoc
1561 843 1657 904 est
1715 842 1865 923 (per
1911 835 2105 903 Schol.
2150 835 2346 922 Prop.
2393 838 2496 901 13.
2539 836 2771 920 huyne),
2829 836 3112 903 Tristitia

498 932 962 995 concomitante
1027 930 1170 994 idea
1235 947 1449 994 causae
1516 933 1816 993 externae.
1883 927 1974 990 At
2037 927 2177 1012 ipse
2245 929 2391 1012 (per
2433 925 2816 1012 hypothesin)
2862 927 3109 992 nullam

495 1019 691 1102 hujus
733 1018 1034 1083 Tristitiae
1081 1037 1342 1083 causam
1385 1019 1777 1102 imaginatur
1821 1020 2054 1101 praeter
2088 1015 2294 1098 illum,
2334 1017 2448 1100 qui
2469 1018 2688 1102 ipsum
2713 1016 2859 1080 odio
2884 1015 3109 1097 habet3

498 1126 649 1193 ergo
714 1127 797 1173 ex
864 1109 1003 1188 hoc,
1068 1108 1242 1192 quod
1309 1127 1379 1173 se
1448 1106 1595 1171 odio
1661 1104 1880 1171 haberi
1941 1103 2023 1169 ab
2084 1105 2302 1189 aliquo
2363 1106 2771 1190 imaginatur,
2828 1103 3111 1170 Tristitia

497 1196 809 1262 afficietur
853 1198 1317 1262 concomitante
1360 1196 1505 1261 idea
1548 1197 1708 1279 ejus,
1753 1196 1870 1279 qui
1912 1195 2128 1278 ipsum
2175 1194 2322 1259 odio
2365 1194 2573 1280 habet,
2618 1196 2754 1261 sive
2777 1196 2926 1279 (per
2945 1194 3112 1259 idem
3243 1196 3256 1209 ⁰

499 1284 714 1368 Schol.)
760 1286 1035 1352 eundem
1083 1286 1232 1351 odio
1277 1284 1551 1351 habebit.
1602 1283 1671 1364 Q.
1714 1282 1794 1349 E.
1837 1281 1922 1347 D.

1578 1416 2053 1463 SCHOLIUM.

586 1499 771 1578 Quod
837 1503 894 1567 si
960 1520 1030 1567 se
1090 1502 1332 1584 justam
1401 1499 1548 1565 Odii
1615 1519 1876 1565 causam
1921 1498 2276 1582 praebuisse
2321 1499 2731 1583 imaginatur,
2777 1502 2915 1563 tum
2962 1501 3112 1583 (per

497 1590 687 1675 Prop.
751 1590 854 1655 30.
911 1589 1105 1673 hujus
1162 1596 1219 1654 et
1276 1590 1550 1675 eiusdem
1596 1586 1814 1670 Schoi.)
1883 1588 2142 1653 Pudore
2205 1586 2533 1653 afficietur.
2603 1587 2729 1653 Sed
2794 1588 2914 1652 hoc
2960 1591 3111 1673 (per

497 1679 687 1765 Prop.
732 1679 837 1743 25.
882 1678 1095 1763 hayus)
1153 1698 1296 1744 raro
1356 1679 1683 1762 contingit.
1742 1677 2064 1743 Praeterea
2122 1677 2261 1741 haec
2306 1675 2454 1741 Odii
2497 1678 2908 1762 reciprocatio
2956 1678 3111 1741 oriri

498 1771 685 1835 etiam
728 1772 963 1873 ‘potest
1031 1788 1115 1833 ex
1179 1787 1272 1852 eo,
1336 1768 1508 1853 quod
1555 1766 1794 1832 Odium
1841 1772 2152 1851 sequatur
2196 1771 2464 1832 conatus
2509 1766 2749 1831 malum
2794 1765 3110 1831 inferendi

498 1860 576 1941 ei,
635 1859 749 1943 qui
793 1857 939 1922 odio
984 1857 1256 1922 habetur
1301 1860 1448 1942 (per
1491 1855 1688 1941 Prop.
1735 1856 1839 1921 39.
1884 1854 2118 1937 hayus).
2167 1853 2295 1932 Qui
2337 1856 2536 1941 igitur
2583 1875 2654 1921 se
2699 1856 2843 1920 odio
2891 1855 3110 1921 haberi

496 1947 575 2012 ab
643 1948 859 2032 aliquo
924 1948 1333 2032 imaginatur,
1401 1947 1680 2012 eundem
1745 1946 2019 2030 alicujus
2081 1945 2231 2009 mali
2291 1946 2428 2011 sive
2486 1942 2787 2010 Tristitiae
2848 1964 3109 2010 causam

489 2036 983 2121 imaginabitur,
1055 2040 1249 2121 atque
1309 2036 1466 2101 adeo
1522 2035 1806 2100 Tristitia
1865 2033 2197 2117 afficietur,
2241 2052 2359 2100 seu
2404 2034 2602 2116 Metu,
2646 2036 3111 2099 concomitante

493 2127 639 2191 idea
683 2128 841 2209 ejus,
888 2127 1003 2210 qui
1047 2127 1260 2211 ipsum
1308 2125 1454 2190 odio
1498 2124 1707 2207 habet,
1751 2128 2057 2209 tanquam
2106 2143 2320 2207 causa,
2366 2125 2487 2189 hoc
2533 2128 2648 2207 est,
2694 2124 2840 2189 odio
2888 2129 3111 2189 contra

493 2215 827 2299 afficietur,
872 2219 946 2280 ut
992 2234 1206 2300 supra.

1412 2322 2055 2369 oosonnarunn
2141 2301 2191 2367 Ι.

583 2404 729 2489 Qui,
775 2424 967 2490 quem
1013 2409 1202 2489 amat,
1246 2404 1393 2469 odio
1439 2423 1592 2489 erga
1638 2422 1709 2470 se
1752 2404 2052 2469 affectum
2095 2405 2504 2488 imaginatur,
2551 2402 2714 2469 Odio
2760 2409 2824 2470 et
2869 2405 3110 2469 Amore

488 2495 681 2560 simul
749 2494 1235 2560 conflictabitur.
1299 2493 1467 2559 Nam
1538 2499 1860 2578 quatenus
1930 2495 2340 2577 imaginatur,
2407 2492 2487 2557 ab
2557 2493 2779 2558 eodem
2847 2511 2917 2558 se
2963 2493 3110 2557 odio

486 2583 723 2667 haberi,
769 2585 1229 2650 determinatur
1271 2585 1417 2668 (per
1461 2582 1650 2667 Prop.
1693 2581 1977 2667 proeeed.)
2024 2583 2105 2647 ad
2142 2582 2422 2647 eundem
2445 2586 2667 2647 contra
2703 2584 2850 2648 odio
2875 2582 3108 2648 haben-

487 2673 661 2738 dum.
728 2675 818 2739 At
882 2676 1027 2757 (per
1092 2671 1477 2757 hypothesin)
1546 2675 1761 2757 ipsum
1830 2672 2253 2737 nihilominus
2320 2676 2524 2737 amat:
2596 2691 2747 2757 ergo
2820 2670 2982 2736 Odio
3044 2677 3108 2738 et

486 2764 727 2828 Amore
773 2763 967 2827 simul
1013 2761 1502 2828 conflictabitur.

1384 2894 2034 2941 cononnnnmn
2121 2874 2205 2940 II.

577 2975 647 3041 Si
690 2976 924 3061 aliquis
968 2978 1370 3062 imaginatur,
1414 2977 1496 3042 ab
1543 2977 1781 3061 aliquo,
1828 2995 2022 3060 quem
2059 2980 2247 3041 antea
2269 2975 2449 3040 nullo
2472 2975 2702 3041 affectu
2725 2981 3109 3058 prosecutus

489 3070 602 3148 est,
671 3066 915 3130 malum
982 3065 1241 3150 aliquod
1309 3085 1440 3151 prae
1502 3064 1665 3131 Odio
1712 3065 1838 3131 sibi
1882 3065 2134 3130 illatum
2182 3084 2341 3148 esse,
2386 3067 2601 3130 statim
2647 3065 2817 3130 idem
2864 3066 3108 3132 malum

487 3154 693 3220 eidem
736 3154 975 3221 referre
1020 3155 1379 3220 conabitur.

1445 3274 2162 3321 nnnoNsrnAr1o

580 3353 706 3432 Qui
774 3357 1056 3441 aliquem
1126 3355 1288 3422 Odio
1357 3375 1508 3441 erga
1577 3374 1646 3421 se
1707 3357 2005 3421 affectum
2051 3374 2193 3421 esse
2237 3356 2646 3439 imaginatur,
2692 3374 2843 3421 eum
2889 3361 3112 3421 contra

492 3449 641 3529 (per
697 3445 957 3531 praeeed.
1002 3443 1218 3530 Prop.)
1278 3445 1422 3510 odio
1490 3445 1768 3528 habebit,
1829 3450 1894 3510 et
1938 3447 1959 3527 (
1970 3464 2087 3529 per
2132 3443 2323 3528 Prop.
2369 3444 2474 3508 26.
2521 3444 2731 3530 hujus)
2794 3446 2860 3509 id
2921 3464 3112 3511 omne

489 3536 887 3599 comminisci
955 3535 1309 3617 conabitur,
1371 3535 1545 3619 quod
1594 3535 1869 3600 eundem
1917 3535 2120 3619 possit
2162 3531 2443 3598 Tristitia
2489 3533 2758 3614 afficere,
2804 3540 2997 3618 atque
3042 3536 3112 3600 id

492 3623 697 3688 eidem
762 3627 909 3708 (per
954 3623 1143 3709 Prop.
1194 3624 1297 3688 39.
1342 3621 1553 3708 hujus)
1596 3623 1836 3688 inferre
1880 3623 2179 3689 studebit.
2223 3623 2315 3686 At
2359 3625 2506 3707 (per
2549 3622 2934 3709 hypothesin)
2981 3626 3110 3709 pri·

492 3732 690 3795 mum,
737 3713 912 3797 quod
956 3712 1329 3796 huJ'usmodi
1373 3715 1783 3797 imaginatur,
1831 3718 1928 3778 est
1974 3713 2213 3777 malum
2262 3709 2385 3776 sibi
2431 3712 2713 3793 illatum3
2762 3731 2912 3798 ergo
2935 3714 3104 3779 idem

494 3803 709 3867 statim
756 3802 961 3867 eidem
1007 3802 1242 3868 inferre
1288 3800 1642 3867 conabitur.
1696 3800 1765 3882 Q.
1817 3801 1893 3866 E.
1937 3800 2022 3866 D.

1570 3935 2038 3982 SOHOLIUm

581 4015 862 4082 Gonatus
929 4017 1171 4081 malum
1238 4016 1556 4082 inferendi
1625 4018 1702 4099 ei,
1764 4035 1956 4101 quem
2016 4016 2287 4099 odimus,
2333 4016 2451 4081 Ira
2499 4022 2792 4098 vocatur3
2841 4021 3110 4082 conatus

492 4111 715 4210 autum
763 4107 1006 4171 malum
1051 4105 1238 4171 nobis
1285 4105 1537 4171 illatum
1583 4105 1898 4171 referendi
1956 4105 2255 4171 Vindicta
2297 4106 2668 4190 appellatur.

1325 4230 2022 4297 PROPOSITIO
2111 4230 2282 4295 XLI.

582 4339 655 4406 Si
721 4343 861 4431 quis
918 4343 997 4408 ab
1042 4343 1252 4429 aliquo
1293 4364 1357 4409 se
1403 4346 1613 4410 amari
1657 4345 2064 4428 imayinatwr,
2105 4365 2215 4410 nec
2260 4364 2323 4409 se
2366 4343 2564 4409 ullam
2607 4344 2696 4409 ad
2736 4345 2809 4410 id
2852 4364 3111 4410 eausam

493 4431 730 4497 dedisse
787 4432 983 4498 eredit
1027 4434 1223 4517 (quod
1267 4454 1378 4519 per
1424 4433 1651 4500 Coroll.
1700 4434 1888 4521 Prop.
1935 4436 2035 4499 15.
2081 4439 2144 4501 et
2189 4453 2300 4519 per
2346 4434 2533 4520 Prop.
2585 4434 2684 4499 16.
2732 4435 2925 4519 hujus
2970 4433 3110 4501 fieri

495 4524 741 4605 potest),
783 4521 1049 4588 eundem
1092 4527 1311 4588 eontra
1355 4523 1605 4589 amabit.

1442 4655 2159 4703 DEMONSTRATIO·

493 4823 536 4889 S
578 4733 741 4890 ιιΗεῖεὲο
783 4736 1142 4891 Ριορὲώιῑὶο
1189 4738 1409 4804 eadem
1457 4740 1561 4805 via
1607 4741 2079 4806 demonstratur
2124 4758 2198 4804 ac
2242 4739 2629 4823 praecedens.
2674 4738 2875 4823 Cujus
2912 4742 3109 4806 etiam

540 4844 575 4889 c
622 4845 658 4891 o
714 4846 822 4891 um
873 4847 938 4890 v1
982 4844 1034 4893 e.
