3609 5642
481 495 564 559 60
1512 510 1762 557 mmons
1805 510 1962 556 nus
2004 510 2067 555 11.

475 680 721 748 Axiom,
767 681 826 746 3.
872 679 1093 765 hujus)
1151 699 1284 745 non
1328 683 1537 763 potest
1582 680 1776 745 etiam
1824 678 1962 744 sine
2006 678 2150 743 idea
2193 678 2498 763 trianguli
2543 695 2702 742 esse.
2746 674 2906 741 Hoec
2951 695 3102 761 ergo

476 770 812 836 affirmatio
881 772 1021 836 sine
1078 769 1223 833 idea
1281 768 1588 852 trianguli
1633 786 1752 832 nec
1797 785 1940 832 esse
1984 785 2104 832 nec
2148 768 2399 852 concipi
2445 770 2670 851 potest.
2716 765 2917 830 Porro
2962 767 3102 831 haec

473 859 784 945 trianguli
827 859 973 924 idea
1018 860 1183 922 hanc
1229 858 1495 923 eandem
1533 856 2024 921 affirmationem
2068 856 2398 921 involvere
2435 854 2638 937 debet,
2661 873 2889 939 nempe
2929 856 3101 940 quod

474 955 604 1014 tres
672 950 812 1031 ejus
879 949 1106 1034 anguli
1173 951 1514 1031 aequentur
1583 944 1838 1010 duobus
1903 946 2111 1011 rectis.
2174 943 2385 1022 Quare
2444 949 2509 1009 et
2549 946 2691 1009 vice
2733 963 2920 1009 versa
2966 945 3104 1009 haec

474 1038 781 1123 trianguli
825 1037 972 1102 idea
1015 1040 1157 1102 sine
1202 1037 1322 1100 hac
1367 1034 1788 1100 affirmatione
1825 1053 1945 1098 nec
1985 1052 2127 1100 esse
2149 1053 2269 1100 nec
2293 1033 2544 1118 concipi
2565 1037 2790 1118 potest,
2813 1033 3105 1118 adeoque

474 1131 625 1212 (per
669 1124 883 1208 Defin.
929 1126 990 1189 2.
1035 1125 1249 1208 hujus)
1310 1125 1446 1188 haec
1499 1123 1838 1188 affirmatio
1885 1123 1967 1187 ad
2013 1126 2354 1188 essentiam
2402 1124 2565 1187 ideae
2610 1122 2916 1207 trianguli
2961 1142 3104 1207 per-

475 1218 651 1296 tinet,
719 1234 838 1280 nec
903 1215 1079 1280 aliud
1139 1218 1367 1298 praeter
1412 1215 1616 1298 ipsam
1668 1218 1781 1278 est.
1825 1211 1912 1276 Et
1956 1212 2129 1296 quod
2177 1212 2255 1277 de
2300 1213 2422 1276 hac
2466 1212 2770 1276 volitione
2814 1212 3103 1278 diximus

476 1304 1025 1390 (quandoquidem
1094 1321 1234 1368 eam
1302 1302 1383 1368 ad
1452 1302 1710 1367 libitum
1761 1302 2207 1387 sumpsimus),
2253 1301 2594 1367 dicendum
2643 1302 2834 1366 etiam
2881 1305 2977 1367 est
3022 1302 3104 1367 de

475 1411 864 1479 quacunque
910 1393 1238 1476 volitione,
1280 1410 1510 1476 nempe
1557 1391 1731 1476 quod
1778 1396 2013 1475 praeter
2054 1391 2262 1456 ideam
2311 1390 2473 1455 nihil
2517 1392 2617 1455 sit.
2669 1387 2737 1469 Q.
2785 1389 2862 1454 E.
2905 1388 2990 1455 D.

1462 1536 2133 1583 coRoLLARIUM.

562 1619 885 1685 Voluntas
930 1624 996 1687 et
1036 1620 1400 1685 intellectus
1450 1638 1654 1684 unum
1701 1622 1765 1684 et
1809 1618 1982 1683 idem
2028 1622 2198 1683 sunt.

1429 1761 2152 1809 DEMONSTRATIQ

561 1847 879 1912 Voluntas
947 1849 1011 1910 et
1076 1845 1442 1911 intellectus
1510 1844 1670 1908 nihil
1733 1850 1969 1929 praeter
2025 1844 2199 1928 ipsas
2247 1843 2607 1927 singulares
2652 1841 2992 1907 volitiones
3039 1848 3102 1908 et

471 1936 650 2002 ideas
698 1941 853 2000 sunt
899 1937 1045 2018 (per
1086 1933 1283 2019 Prop.
1332 1934 1435 1997 48.
1481 1932 1679 2019 hujus
1720 1939 1779 1998 et
1823 1932 2099 2017 ejusdem
2145 1930 2363 2012 Schol.)
2401 1934 2489 1995 At
2512 1931 2858 2016 singularis
2885 1932 3102 1996 volitio

477 2031 541 2091 et
606 2025 750 2090 idea
817 2027 965 2107 (per
1010 2022 1199 2108 Prop.
1240 2021 1529 2107 proeoed.)
1599 2042 1804 2088 unum
1877 2027 1942 2087 et
2008 2021 2177 2087 idem
2248 2025 2434 2103 sunt;
2497 2039 2647 2106 ergo
2692 2020 2992 2086 voluntas
3036 2026 3101 2086 et

479 2115 847 2180 intellectus
891 2132 1099 2178 unum
1146 2117 1209 2178 et
1249 2112 1420 2177 idem
1466 2117 1636 2177 sunt.
1686 2110 1755 2191 Q.
1799 2109 1877 2175 Ε.
1925 2110 2008 2174 D.

1552 2256 2026 2304 SOHOLIUM.

562 2337 685 2404 His
751 2358 1033 2423 causam,
1101 2358 1249 2423 quoe
1316 2342 1745 2404 communiter
1812 2339 2047 2405 erroris
2114 2356 2256 2403 esse
2315 2339 2639 2419 statuitur,
2699 2336 3104 2402 sustulimus.

474 2427 683 2512 Supra
747 2433 963 2494 autem
1032 2428 1448 2510 ostendimus,
1513 2429 1856 2494 falsitatem
1925 2429 1996 2491 in
2063 2427 2200 2493 sola
2264 2427 2641 2511 privatione,
2701 2445 2896 2511 quam
2939 2425 3103 2491 ideoe

474 2518 786 2584 mutilatae
846 2522 910 2583 et
970 2517 1252 2583 confusae
1297 2519 1660 2602 involvunt,
1705 2519 2072 2582 consistere.
2119 2514 2331 2593 Quare
2372 2516 2518 2580 idea
2559 2515 2736 2599 falsa,
2783 2519 3102 2599 quatenus

472 2605 633 2672 falsa
680 2612 795 2690 est,
839 2606 1286 2672 certitudinem
1335 2627 1467 2671 non
1511 2608 1804 2672 involvit.
1852 2605 2012 2671 Cum
2061 2607 2282 2693 itaque
2326 2605 2618 2688 dicimus,
2664 2605 2989 2669 hominem
3031 2606 3102 2669 in

471 2694 651 2762 falsis
718 2697 1145 2779 acquiescere,
1213 2711 1334 2760 nec
1402 2696 1481 2762 de
1539 2698 1621 2762 iis
1669 2694 1979 2779 dubitare,
2025 2714 2154 2759 non
2200 2695 2345 2760 ideo
2391 2695 2603 2778 ipsum
2652 2697 2899 2759 certum
2944 2711 3104 2776 esse,

473 2784 586 2850 sed
650 2788 901 2850 tantum
969 2803 1100 2849 non
1147 2784 1439 2851 dubitare
1486 2784 1781 2868 dicimus,
1828 2785 1930 2850 vel
1977 2784 2154 2870 quod
2196 2785 2264 2849 in
2310 2783 2490 2848 falsis
2536 2783 2905 2867 acquiescit,
2949 2783 3103 2866 quia

470 2873 671 2938 nullae
734 2893 947 2939 causae
1016 2873 1270 2956 dantur,
1332 2893 1478 2957 quae
1527 2873 1827 2956 efficiant,
1870 2879 1945 2938 ut
1988 2874 2195 2958 ipsius
2239 2873 2611 2958 imaginatio
2654 2870 3007 2937 fluctuetur
3035 2868 3098 2951 1).

474 2961 617 3039 Qua
683 2962 762 3028 de
807 2981 877 3028 re
919 2962 1066 3028 vide
1112 2961 1441 3027 Scholium
1487 2963 1954 3048 Propositionis
1998 2963 2105 3026 44.
2150 2963 2346 3045 hujus
2393 2961 2620 3026 Partis.
2669 2960 3102 3038 Quantumvis

469 3052 669 3136 igitur
712 3052 903 3117 homo
947 3051 1128 3117 falsis
1172 3051 1494 3119 adhaerere
1537 3058 1958 3138 supponatur,
1997 3071 2332 3136 nunquam
2374 3057 2587 3116 tamen
2610 3053 2826 3135 ipsum
2852 3054 3100 3115 certum

472 3160 613 3207 esse
658 3140 963 3206 dicemus.
1007 3140 1176 3205 Nam
1222 3160 1336 3226 per
1380 3142 1833 3207 certitudinem
1878 3141 2035 3226 quid
2080 3141 2426 3226 positivum
2474 3140 2897 3224 intelligimus
2941 3139 3104 3217 (vide

472 3229 662 3314 Prop.
709 3230 813 3295 43.
856 3229 1051 3314 hujus
1094 3250 1237 3296 cum
1279 3230 1559 3314 ejusdem
1606 3230 1827 3312 Schol.)
1872 3250 2004 3295 non
2044 3249 2194 3295 vero
2219 3229 2639 3294 dubitationis
2663 3230 3101 3313 privationem.

472 3320 561 3384 At
606 3337 720 3404 per
765 3320 1169 3385 certitudinis
1213 3321 1633 3404 privationem
1683 3320 2027 3385 falsitatem
2073 3318 2511 3404 intelligimus.
2560 3317 2686 3383 Sed
2731 3318 2812 3382 ad
2851 3316 3104 3382 uberio-

470 3427 604 3473 rem
652 3409 1146 3492 explicationem
1193 3409 1614 3493 praecedentis
1664 3408 2129 3493 Propositionis
2178 3408 2471 3492 quaedam
2521 3391 2835 3473 monenda
2881 3425 3102 3493 super-

471 3501 641 3563 sunt.
709 3496 1015 3582 Superest
1082 3497 1330 3580 deinde,
1392 3503 1464 3564 ut
1522 3498 1603 3563 ad
1650 3498 2056 3580 objectiones,
2104 3516 2251 3583 quoe
2296 3499 2364 3562 in
2411 3501 2697 3561 nostram
2744 3498 2909 3561 hanc
2953 3496 3101 3560 doc-

471 3587 706 3652 trinam
775 3584 966 3669 objici
1034 3592 1326 3670 possunt,
1386 3587 1843 3673 respondeam;
1892 3591 1956 3652 et
2001 3587 2301 3672 denique,
2347 3591 2421 3651 ut
2466 3604 2721 3651 omnem
2768 3604 3101 3650 amoveam

472 3674 868 3759 scrupulum,
935 3693 1143 3760 operae
1210 3676 1487 3760 pretium
1548 3695 1691 3742 esse
1750 3676 1930 3759 duxi,
1974 3676 2172 3759 hujus
2219 3676 2521 3740 doctrinae
2568 3675 2879 3759 quasdam
2926 3675 3100 3738 utili-

471 3768 633 3831 tates
677 3764 978 3830 indicare.
1028 3762 1371 3847 Quasdam,
1416 3766 1716 3849 inquam;
1764 3784 1916 3829 nam
1965 3766 2306 3850 praecipuae
2350 3783 2433 3830 ex
2472 3766 2572 3849 iis,
2612 3784 2757 3849 quae
2780 3765 2849 3828 in
2874 3765 3100 3848 quinta

470 3854 660 3919 Parte
705 3852 1013 3935 dicemuS,
1058 3854 1292 3918 melius
1336 3854 1794 3940 intelligentur.

555 3943 804 4026 Incipio
863 3944 1062 4027 igitur
1123 3962 1159 4007 a
1204 3943 1428 4027 prim0,
1473 3941 1902 4027 Lectoresque
1947 3961 2195 4024 moneo,
2241 3948 2313 4007 ut
2358 3945 2653 4007 accurate
2697 3942 3102 4026 distinguant

470 4032 638 4096 inter
704 4031 943 4115 Ideam,
1012 4032 1148 4095 sive
1215 4031 1451 4096 Mentis
1512 4037 1915 4116 conceptum,
1960 4036 2023 4097 et
2067 4033 2235 4096 inter
2280 4031 2605 4115 Imagines
2650 4050 2888 4113 rerum,
2934 4050 3101 4115 quas

468 4120 915 4204 imaginamur.
974 4118 1224 4186 Deinde
1282 4139 1545 4186 necesse
1591 4127 1706 4204 est,
1751 4127 1825 4186 ut
1872 4119 2272 4205 distinguant
2319 4122 2489 4185 inter
2533 4121 2709 4185 ideas
2754 4125 2818 4185 et
2864 4119 3097 4204 Verba,

469 4208 708 4292 quibus
768 4228 871 4275 res
932 4208 1384 4293 significamus.
1432 4209 1598 4275 Nam
1646 4211 1800 4294 quia
1850 4210 1984 4273 haec
2028 4212 2169 4292 tria,
2213 4211 2529 4293 imagines
2575 4209 2835 4291 scilicet,
2883 4208 3097 4293 verba,

471 4303 532 4362 et
598 4297 777 4381 ideae,
822 4318 859 4362 a
906 4299 1125 4362 multis
1171 4298 1275 4363 vel
1319 4299 1509 4384 plane
1554 4298 2061 4381 confunduntur,
2105 4297 2210 4363 vel
2254 4318 2384 4362 non
2433 4300 2587 4363 satis
2633 4302 2947 4381 accurate,
2991 4299 3096 4363 vel

471 4387 750 4471 denique
801 4406 930 4451 non
977 4389 1133 4452 satis
1179 4392 1363 4453 caute
1410 4388 1923 4473 distinguuntur,
1966 4388 2108 4454 ideo
2154 4388 2319 4450 hanc
2365 4387 2443 4452 de
2490 4389 2818 4452 voluntate
2866 4388 3096 4451 doctri-

470 4496 640 4557 nam,
684 4476 851 4541 scitu
896 4495 1160 4560 prorsus
1208 4480 1649 4561 necessariam,
1693 4483 1828 4543 tam
1873 4478 1954 4542 ad
1999 4476 2498 4561 speculationem
2548 4496 2741 4561 quam
2777 4475 2860 4541 ad
2898 4478 3093 4540 vitam

470 4567 788 4650 sapienter
855 4566 1333 4645 instituendam,
1402 4568 1591 4650 plane
1659 4569 2059 4653 ignorarunt.
2130 4564 2397 4650 Quippe,
2457 4568 2571 4650 qui
2629 4570 2859 4651 putant
2917 4565 3096 4631 ideas

535 4883 593 4951 1)
630 4885 828 4937 Paulus
861 4889 962 4937 etc.
996 4913 1062 4924 --
1096 4885 1189 4938 Ed.
1224 4884 1348 4937 Pr.:
1383 4885 1708 4952 fluctuatur.
