3609 5642
476 511 561 574 28
1519 529 1770 576 minens
1812 530 1967 576 uns
2011 530 2051 574 1.

471 700 821 780 peccatum,
867 700 983 760 etc.
1029 695 1174 779 Sed,
1218 699 1294 760 ut
1339 696 1525 761 modo
1573 696 1731 781 dixi,
1771 696 1959 764 facile
2004 696 2432 762 confutantur.
2477 694 2644 761 Nam
2688 713 2906 760 rerum
2945 714 3084 780 per-

470 784 659 850 fectio
728 804 811 850 ex
880 785 1016 850 sola
1076 803 1296 850 earum
1341 791 1574 851 natura
1618 791 1683 853 et
1727 789 2012 871 potentia
2056 791 2153 853 est
2197 785 2589 868 aestimanda,
2632 803 2750 850 nee
2794 785 2941 849 ideo
2980 804 3084 849 res

471 875 674 959 magis
743 879 857 939 aut
924 876 1139 939 minus
1207 873 1501 958 perfeetae
1568 880 1739 958 sunt,
1808 881 2140 960 propterea
2207 875 2380 962 quod
2442 876 2773 940 hominum
2819 892 3082 939 sensum

472 963 787 1029 delectant
854 963 959 1028 vel
1027 963 1377 1045 offendunt,
1446 965 1620 1048 quod
1685 965 1984 1030 humanae
2045 970 2290 1030 naturae
2350 964 2722 1029 conducunt
2763 963 2867 1029 vel
2913 962 3085 1049 quod

471 1053 676 1118 eidem
745 1057 1122 1137 repugnant.
1180 1051 1272 1117 Iis
1318 1057 1553 1136 autem,
1599 1056 1710 1139 qui
1779 1059 2097 1139 quaerunt‚
2142 1073 2261 1119 cur
2304 1051 2483 1119 Deus
2528 1072 2752 1118 omnes
2796 1054 3086 1118 homines

472 1161 597 1206 non
667 1142 759 1206 ita
825 1143 1082 1225 creavit,
1150 1145 1223 1205 ut
1292 1143 1426 1207 solo
1495 1144 1760 1208 rationis
1830 1143 2030 1208 ductu
2097 1143 2658 1228 gubernarentur?
2702 1142 2862 1206 nihil
2906 1141 3084 1207 aliud

469 1230 839 1315 respondem
907 1251 1101 1315 quam
1172 1232 1325 1314 quia
1391 1232 1451 1297 ei
1511 1251 1641 1297 non
1710 1231 1915 1297 defuit
1976 1234 2238 1298 materia
2296 1233 2375 1297 ad
2423 1234 2658 1314 omnia,
2702 1251 2784 1297 ex
2830 1250 3083 1297 summe

469 1321 779 1384 nimirum
827 1320 907 1385 ad
951 1319 1244 1385 infimum
1290 1319 1699 1405 perfeetionis
1741 1321 2034 1406 gradum,
2081 1321 2386 1403 creanda3
2435 1323 2537 1387 vel
2582 1323 2785 1406 magis
2831 1321 3084 1404 proprie

469 1409 812 1494 loquendO,
857 1410 1009 1494 quia
1053 1411 1259 1494 ipsius
1301 1408 1565 1475 Naturae
1609 1412 1783 1494 leges
1829 1411 1985 1476 adeo
2031 1412 2257 1497 amplae
2291 1411 2574 1494 fuerunt,
2610 1417 2683 1476 ut
2719 1409 3084 1476 sufficerent

470 1498 550 1563 ad
618 1500 849 1579 omnia,
920 1518 1066 1582 quae
1133 1497 1212 1564 ab
1282 1500 1496 1585 aliquo
1545 1500 1796 1565 infinito
1841 1500 2173 1566 intellectu
2218 1502 2468 1586 concipi
2514 1505 2805 1585 possunt,
2848 1500 3084 1584 produ-

471 1587 688 1668 cenda,
755 1593 828 1652 ut
894 1587 1336 1673 Propositione
1408 1589 1506 1652 16.
1577 1590 2024 1655 demonstravi.
2092 1588 2251 1654 Haee
2310 1596 2480 1674 sunt,
2527 1610 2672 1675 quae
2716 1590 2821 1653 hie
2864 1593 3085 1653 notare

471 1677 742 1762 suscepi,
805 1677 1189 1760 praejudicia.
1251 1677 1318 1742 Si
1381 1677 1672 1763 quaedam
1720 1679 1917 1762 hujus
1961 1679 2198 1743 farinae⁴
2227 1679 2436 1745 adhuc
2478 1684 2738 1763 restant,
2782 1683 3085 1763 poterunt

471 1765 687 1831 eadem
735 1764 815 1830 ab
862 1785 1257 1850 unoquoque
1304 1768 1608 1833 mediocri
1652 1768 2063 1834 meditatione
2107 1768 2448 1834 emendari.

1388 1953 1587 2020 Fines
1627 1953 1856 2020 Partis
1899 1953 2180 2020 Primae.
