3609 5642
1673 520 1754 565 nr:
1797 520 1933 565 nno,
3025 498 3105 562 11

477 690 576 751 est
619 704 875 771 ponere,
924 687 1099 771 quod
1145 687 1504 753 substantia
1550 705 1852 772 corporea
1896 706 1980 752 ex
2025 686 2400 772 corporibus
2446 689 2583 752 sive
2627 685 2917 772 partibus
2939 706 3110 752 com-

480 782 773 860 ponatur,
842 796 1037 861 quam
1107 777 1281 860 quod
1348 796 1581 861 corpus
1650 796 1734 841 ex
1800 776 2282 861 superficiebus,
2343 776 2712 860 superficies
2776 796 2859 841 ex
2904 776 3109 853 lineiS,

477 865 667 930 lineae
716 865 995 950 denique
1040 885 1123 931 ex
1167 868 1425 951 punctis
1470 874 1954 950 componantur.
1999 867 2218 950 Atque
2265 867 2385 931 hoc
2432 885 2674 947 omme,
2712 869 2828 950 qui
2873 866 3106 930 claram

479 955 789 1020 rationem
857 955 1255 1021 infallibilem
1328 974 1470 1021 esse
1539 958 1775 1039 sciunt,
1841 955 2025 1020 fateri
2095 955 2346 1040 debent,
2416 961 2478 1021 et
2521 957 2838 1040 imprimis
2881 956 2947 1036 ii,
2996 956 3110 1039 qui

475 1049 714 1128 negant
782 1044 921 1108 dari
966 1064 1263 1110 vacuum.
1310 1044 1477 1111 Nam
1522 1047 1579 1111 si
1626 1045 1984 1111 substantia
2029 1064 2332 1129 corporea
2375 1046 2464 1110 ita
2508 1049 2725 1130 posset
2772 1044 2989 1126 dividi,
3036 1050 3111 1109 ut

477 1134 616 1216 ejus
685 1139 896 1218 partes
964 1135 1221 1200 realiter
1290 1134 1611 1201 distinctae
1673 1140 1922 1215 essent3
1984 1153 2100 1200 cur
2146 1153 2296 1218 ergo
2346 1155 2476 1199 una
2519 1155 2668 1219 pars
2716 1154 2847 1199 non
2892 1139 3111 1219 posset

477 1223 839 1303 annihilari,
913 1224 1324 1289 manentibus
1392 1225 1661 1309 reliquis
1729 1229 1802 1290 ut
1871 1229 2018 1289 ante
2084 1226 2253 1289 inter
2319 1242 2389 1289 se
2456 1223 2816 1290 connexis?
2861 1222 2948 1288 Et
2993 1243 3112 1288 cur

480 1331 702 1377 omnes
745 1315 837 1377 ita
881 1315 1086 1399 aptari
1131 1313 1382 1395 debent,
1429 1332 1512 1378 ne
1559 1313 1751 1379 detur
1795 1333 2074 1379 vacuum
2093 1313 2125 1377 P
2172 1312 2340 1379 Sane
2383 1332 2620 1398 rerum,
2664 1332 2811 1398 quae
2856 1313 3112 1377 realiter

480 1401 557 1466 ab
603 1403 882 1467 invicem
929 1403 1251 1469 distinctae
1299 1406 1471 1485 sunt,
1516 1423 1650 1467 una
1695 1405 1836 1468 sine
1882 1403 2006 1467 alia
2053 1421 2195 1468 esse
2239 1408 2304 1468 et
2349 1404 2417 1466 in
2465 1422 2586 1468 suo
2632 1407 2805 1468 statu
2852 1420 3112 1468 manere

479 1496 702 1575 potest.
775 1490 937 1556 Cum
1005 1494 1207 1576 igitur
1274 1511 1554 1556 vacuum
1598 1494 1668 1556 in
1713 1491 1962 1557 Natura
2007 1511 2139 1556 non
2185 1492 2376 1558 detur
2421 1492 2529 1574 (de
2575 1511 2702 1576 quo
2748 1492 2950 1575 alias),
2996 1491 3111 1557 sed

481 1599 705 1646 omnes
763 1587 978 1666 partes
1037 1583 1128 1648 ita
1173 1601 1555 1647 concurrere
1600 1581 1852 1664 debent,
1895 1600 1977 1646 ne
2023 1581 2211 1646 detur
2255 1601 2572 1660 vacuum3
2619 1583 2914 1666 sequitur
2958 1581 3110 1645 hinc

480 1672 690 1753 etiam,
759 1671 1016 1737 easdem
1079 1692 1209 1736 non
1255 1689 1446 1755 posse
1490 1671 1749 1736 realiter
1794 1671 2127 1755 distingui,
2173 1671 2294 1735 hoc
2340 1675 2455 1749 est,
2501 1669 2926 1736 substantiam
2974 1689 3111 1735 cor-

478 1778 758 1844 poream,
806 1765 1128 1846 quatenus
1172 1760 1533 1826 substantia
1579 1765 1694 1843 est,
1739 1780 1871 1824 non
1919 1780 2106 1844 posse
2152 1760 2370 1824 dividi.
2415 1759 2485 1825 Si
2532 1761 2679 1844 quis
2728 1764 2942 1825 tamen
2975 1761 3108 1843 jam

480 1853 748 1933 quaerat,
796 1869 914 1914 cur
956 1870 1077 1915 nos
1121 1869 1207 1915 ex
1251 1856 1483 1915 natura
1527 1852 1618 1914 ita
1662 1852 1966 1934 propensi
2013 1851 2219 1914 simus
2264 1849 2345 1914 ad
2391 1849 2801 1914 dividendam
2851 1851 3108 1933 quanti-

479 1938 722 2004 tatem?
767 1938 849 2003 Ei
893 1941 1268 2025 respondeO,
1317 1939 1491 2024 quod
1537 1942 1867 2023 quantitas
1914 1937 2170 2004 duobus
2216 1939 2424 2003 modis
2463 1958 2502 2002 a
2523 1938 2710 2004 nobis
2734 1939 3111 2022 concipitur,

481 2027 795 2094 abstracte
854 2029 1113 2112 scilicet,
1158 2031 1297 2095 sive
1345 2028 1849 2114 superficialiter,
1893 2033 2086 2113 prout
2132 2046 2363 2112 nempe
2406 2029 2614 2112 ipsam
2659 2029 3111 2113 imaginamur,

479 2118 582 2182 vel
628 2122 702 2182 ut
746 2116 1126 2200 substantia,
1172 2119 1347 2204 quod
1393 2139 1432 2184 a
1476 2118 1613 2183 solo
1658 2118 1991 2182 intellectu
2034 2116 2123 2181 fit.
2173 2115 2241 2181 Si
2286 2119 2507 2202 itaque
2553 2118 2635 2182 ad
2684 2118 3106 2203 quantitatem

478 2207 889 2289 attendimus,
955 2212 1150 2293 prout
1208 2210 1275 2272 in
1323 2209 1782 2292 imaginatione
1829 2212 1944 2289 est,
1991 2206 2163 2291 quod
2211 2225 2385 2291 saepe
2430 2211 2493 2271 et
2536 2206 2791 2272 facilius
2837 2227 2876 2272 a
2923 2206 3109 2272 nobis

476 2295 569 2379 fit,
635 2298 991 2381 reperietur
1055 2297 1255 2379 finita,
1322 2296 1681 2378 divisibilis,
1730 2300 1794 2362 et
1840 2315 1926 2362 ex
1969 2295 2261 2381 partibus
2306 2294 2611 2376 conflata3
2661 2298 2719 2361 si
2767 2301 2982 2360 autem
3029 2296 3110 2360 ad

478 2387 686 2471 ipsam
753 2392 949 2470 prout
990 2387 1060 2450 in
1100 2386 1434 2453 intellectu
1481 2392 1579 2452 est
1624 2386 2038 2469 attendimus,
2084 2390 2148 2449 et
2191 2404 2329 2450 eam
2381 2390 2703 2468 quatenus
2749 2384 3111 2450 substantia

480 2479 577 2541 est
622 2476 1042 2559 concipimus,
1089 2477 1263 2560 quod
1310 2475 1684 2540 difficillime
1728 2475 1820 2558 fit,
1864 2479 2022 2558 tum,
2068 2479 2142 2539 ut
2173 2475 2302 2556 jam
2330 2475 2485 2539 satis
2510 2473 3112 2556 demonstravimus,

479 2563 753 2646 infinita,
821 2567 1032 2648 unica,
1101 2571 1165 2630 et
1233 2564 1650 2630 indivisibilis
1716 2566 2086 2648 reperietur.
2160 2561 2345 2638 Quod
2416 2563 2737 2646 omnibus,
2784 2566 2897 2646 qui
2941 2564 3112 2628 inter

480 2655 1004 2739 imaginationem
1074 2659 1138 2719 et
1201 2654 1599 2720 intellectum
1659 2654 2057 2738 distinguere
2120 2653 2445 2736 sciverint,
2493 2654 2650 2718 satis
2698 2651 3109 2717 manifestum

480 2745 631 2808 erit:
680 2742 1030 2828 Praecipue·
1063 2745 1118 2808 si
1164 2744 1245 2808 ad
1291 2744 1413 2808 hoc
1459 2744 1649 2809 etiam
1697 2744 2083 2826 attendatur,
2130 2742 2305 2826 quod
2327 2743 2596 2807 materia
2619 2741 2866 2826 ubique
2890 2742 3108 2808 eadem

478 2837 594 2917 est,
641 2851 762 2898 nec
804 2838 1016 2917 partes
1060 2834 1131 2897 in
1178 2833 1400 2898 eadem
1447 2833 1957 2917 distinguuntur,
2001 2833 2133 2897 nisi
2179 2835 2504 2917 quatenus
2545 2834 2873 2897 materiam
2901 2832 3112 2896 diver-

479 2923 722 2987 simode
790 2922 1076 2988 affectam
1137 2941 1279 2988 esse
1340 2923 1758 3006 concipimus,
1804 2923 1979 2987 unde
2026 2923 2167 3005 ejus
2210 2925 2422 3006 partes
2469 2921 2804 2987 modaliter
2849 2924 3106 2986 tantum

478 3012 985 3096 distinguuntur,
1026 3032 1160 3077 non
1205 3017 1421 3078 autem
1470 3012 1740 3077 realiter.
1787 3010 1911 3077 Ex.
1959 3032 2052 3097 gr.
2099 3031 2353 3096 aquam,
2401 3016 2724 3094 quatenus
2778 3031 2950 3094 aqua
2996 3016 3114 3093 est,

477 3100 680 3165 dividi
722 3104 1141 3187 concipimus,
1186 3103 1458 3187 eJusque
1501 3106 1714 3186 partes
1762 3101 1843 3165 ab
1890 3102 2169 3165 invicem
2195 3101 2513 3183 separari;
2541 3106 2605 3165 at
2626 3120 2758 3164 non
2787 3105 3110 3184 quatenus

479 3189 840 3255 substantia
883 3197 982 3257 est
1028 3211 1357 3276 corporea3
1411 3196 1676 3256 eatenus
1722 3193 1895 3254 enim
1942 3208 2157 3274 neque
2193 3193 2523 3273 separatur
2547 3209 2758 3274 neque
2783 3190 3111 3254 dividitur.

475 3278 677 3344 Porro
741 3300 929 3363 aqua,
998 3286 1318 3364 quatenus
1387 3299 1573 3363 aqua,
1631 3284 1979 3364 generatur
2025 3285 2090 3344 et
2136 3280 2605 3362 corrumpitur·
2590 3328 2606 3358 ,
2653 3284 2736 3361 at,
2784 3283 3107 3364 quatenus

475 3369 852 3452 substantia,
897 3388 1018 3435 nec
1060 3374 1404 3454 generatur
1448 3387 1568 3434 nec
1614 3370 2062 3453 corrumpitur.
2110 3369 2329 3452 Atque
2376 3368 2476 3432 his
2516 3387 2617 3432 me
2639 3369 2721 3434 ad
2745 3368 3109 3434 secundum

476 3463 926 3543 argumentum
995 3459 1188 3524 etiam
1256 3459 1666 3543 respondisse
1731 3463 1925 3542 puto:
1993 3457 2514 3542 quandoquidem
2561 3457 2629 3521 id
2672 3460 2741 3522 in
2790 3477 2866 3523 eo
2916 3460 3109 3523 etiam

480 3547 808 3631 fundatur,
860 3549 1035 3632 quod
1081 3549 1362 3629 materia,
1410 3553 1731 3632 quatenus
1778 3547 2159 3629 substantia,
2207 3544 2549 3611 divisibilis
2597 3548 2680 3612 sit
2726 3552 2789 3613 et
2836 3567 2920 3613 ex
2964 3568 3111 3632 par·

481 3637 657 3702 tibus
726 3636 1057 3703 confletur.
1103 3637 1187 3701 Et
1234 3639 1532 3722 quamvis
1581 3638 1701 3702 hoc
1747 3656 1880 3701 non
1928 3641 2117 3719 esset,
2164 3638 2403 3716 nescio,
2450 3656 2567 3700 cur
2612 3637 2833 3701 divina
2878 3639 3114 3701 natura

481 3727 747 3811 indigna
791 3732 991 3792 esset:
1043 3726 1569 3811 quandoquidem
1620 3726 1772 3808 (per
1818 3724 2013 3805 Prop.
2062 3724 2194 3805 14.)
2240 3731 2424 3791 extra
2470 3724 2678 3790 Deum
2727 3726 2910 3791 nulla
2957 3726 3107 3790 sub-

481 3818 717 3880 stantia
761 3815 898 3879 dari
943 3820 1166 3900 potest,
1213 3836 1251 3879 a
1298 3835 1427 3899 qua
1471 3817 1612 3899 ipsa
1655 3820 1995 3900 pateretur.
2045 3813 2294 3896 Omnia,
2338 3817 2625 3898 inquam,
2662 3818 2732 3878 in
2776 3812 2914 3880 Deo
2939 3820 3118 3899 sunt,

482 3909 546 3969 et
605 3905 840 3986 omnia,
887 3923 1035 3989 quae
1079 3904 1265 3987 fiunt,
1309 3923 1423 3988 per
1469 3905 1636 3969 solas
1682 3906 1855 3988 leges
1902 3902 2173 3968 infinitae
2218 3902 2339 3969 Dei
2390 3910 2641 3967 naturae
2686 3903 2873 3987 fiunt,
2920 3910 2983 3969 et
3028 3924 3114 3969 ex

483 3996 862 4059 necessitate
929 3995 1069 4077 ejus
1136 3995 1433 4059 essentiae
1497 3995 1594 4075 (ut
1640 4013 1794 4057 mox
1842 3993 2195 4071 ostendam)
2238 3998 2638 4078 sequuntur3
2690 4013 2887 4076 quare
2932 3995 3113 4060 nulla

482 4085 730 4148 ratione
796 4082 925 4148 dici
989 4087 1219 4168 potest,
1286 4080 1498 4148 Deum
1567 4082 1648 4147 ab
1717 4083 1844 4146 alio
1912 4083 2063 4165 pati,
2125 4085 2239 4145 aut
2301 4081 2728 4147 substantiam
2772 4087 3112 4149 extensam

485 4171 703 4238 divina
755 4176 985 4237 natura
1028 4173 1359 4258 indignam
1408 4190 1566 4252 esse,
1608 4173 1866 4237 tametsi
1912 4170 2252 4236 divisibilis
2300 4177 2717 4256 supponatur,
2764 4172 3112 4238 dummodo

487 4265 726 4328 aeterna
771 4267 833 4328 et
877 4260 1130 4326 infinita
1176 4262 1578 4327 concedatur.
1629 4261 1755 4326 Sed
1802 4262 1882 4326 de
1926 4260 2028 4324 his
2072 4261 2652 4344 impraesentiarum
2702 4263 2875 4328 satis.

1319 4392 2019 4489 Peorosimo
2108 4422 2291 4489 XVI.

572 4550 681 4616 Ea·
743 4550 1100 4617 necessitate
1142 4549 1373 4615 divinoe
1413 4556 1670 4614 naturae
1711 4549 1970 4631 infinita
2013 4550 2294 4632 infinitis
2335 4550 2532 4616 modis
2576 4549 2708 4633 (hoc
2749 4557 2839 4615 est
2882 4552 3116 4635 omnia,

483 4661 627 4726 quoe
668 4641 784 4707 sub
822 4639 1195 4707 intellectum
1238 4638 1562 4720 infinitum
1604 4638 1824 4705 cadere
1863 4642 2146 4721 possunt)
2191 4640 2368 4725 sequi
2409 4639 2645 4706 debent.

1437 4786 2162 4832 nunonsrnarrm

570 4878 749 4947 Haec
814 4879 1174 4966 Propositio
1241 4882 1603 4965 unicuique
1670 4879 2007 4947 manifesta
2070 4898 2212 4947 esse
2271 4878 2476 4963 debet,
2520 4882 2577 4946 si
2624 4881 2816 4946 modo
2862 4881 2944 4945 ad
2989 4881 3113 4947 hoc
