3609 5642
1393 542 1474 586 DE
1518 542 1853 587 smmum
1895 543 2170 588 mmmm
2963 522 3090 586 113

459 711 838 771 summatum
892 707 1091 793 plane
1152 712 1323 773 esset.
1382 709 1514 776 Nec
1570 708 1699 774 alia
1762 709 2010 774 videtur
2056 729 2182 774 esse
2224 710 2411 793 ratio,
2455 728 2570 773 cur
2614 729 2716 775 res
2762 706 3093 774 naturales

460 796 666 879 etiam,
713 816 855 883 quoe
897 797 1126 862 scilicet
1168 796 1446 863 humana
1491 819 1688 864 manu
1730 818 1865 863 non
1906 805 2056 864 sunt
2099 797 2305 881 factoe,
2346 800 2659 883 perfectas
2702 803 2825 864 aut
2866 800 3090 878 imper-

460 884 664 968 fectas
727 885 912 970 vulyo
968 887 1314 967 appellent;
1371 887 1570 953 solent
1615 907 1891 974 namque
1934 888 2210 953 homines
2256 892 2386 953 tam
2429 908 2644 953 rerum
2689 886 3089 953 natural-ium

461 993 651 1059 quam
709 975 1153 1057 artificialium
1195 976 1371 1041 ideas
1415 977 1695 1061 formare
1738 977 2144 1058 universales,
2192 996 2357 1063 quas
2400 997 2617 1042 rerum
2659 977 2854 1042 veluti
2895 996 3090 1043 exem-

462 1061 674 1146 plaria
741 1064 985 1148 habent,
1048 1073 1104 1130 et
1163 1085 1327 1150 quas
1385 1067 1703 1132 Naturam
1746 1073 1966 1152 (quam
2009 1066 2167 1131 nihil
2210 1066 2339 1130 nisi
2381 1065 2658 1151 aliqu'us
2698 1067 2853 1148 finis
2896 1084 3091 1130 causa

462 1172 644 1233 ayere
711 1154 1096 1233 eaeistimant)
1165 1156 1404 1219 intueri
1462 1157 1745 1238 credunt,
1804 1156 2042 1241 sibique
2101 1154 2481 1239 exemplaria
2515 1174 2882 1240 proponere.
2930 1153 3089 1219 Cum

460 1241 676 1328 itaque
742 1243 993 1329 aliquid
1058 1244 1130 1309 in
1192 1243 1451 1309 Natura
1504 1245 1650 1326 fieri
1707 1245 1939 1327 vident,
1998 1245 2164 1331 quod
2220 1265 2362 1310 cum
2406 1251 2694 1325 concepto
2737 1243 3092 1327 eccemplari,

464 1330 631 1415 quod
674 1333 769 1398 rei
809 1334 1116 1417 ejusmodi
1158 1332 1403 1415 babent,
1449 1335 1659 1399 minus
1703 1335 1999 1417 convenit,
2037 1335 2242 1419 ipsam
2279 1334 2603 1399 Naturam
2642 1338 2776 1399 tum
2798 1334 3092 1418 defecisse

459 1419 554 1483 vel
618 1422 976 1505 peccavisse,
1043 1441 1300 1508 remque
1358 1422 1533 1487 illam
1595 1423 2021 1508 imperfectam
2083 1423 2411 1510 reliquisse
2455 1424 2733 1489 credunt.
2793 1421 3092 1489 Videmus

458 1509 674 1589 itaque
753 1510 1030 1576 hmines
1094 1512 1499 1594 consuevisse,
1564 1533 1667 1577 res
1731 1514 2068 1578 naturales
2130 1512 2447 1597 perfectas
2514 1516 2629 1577 aut
2695 1512 3092 1598 imperfectas

461 1617 697 1682 vocare,
764 1601 963 1683 mayis
1029 1622 1105 1666 ex
1164 1602 1538 1687 praejudicio
1582 1622 1775 1688 quam
1820 1622 1896 1666 ex
1937 1621 2161 1666 earum
2204 1622 2353 1667 vera
2397 1602 2757 1684 cognitione.
2810 1600 3090 1667 Ostendi-

462 1706 604 1751 mus
668 1689 835 1753 enim
899 1689 971 1753 in
1038 1690 1288 1754 Primoe
1347 1690 1578 1756 Partis
1643 1691 2019 1776 Appendice,
2063 1691 2385 1756 Naturam
2424 1697 2680 1775 propter
2723 1690 2914 1772 finem
2959 1709 3091 1755 non

458 1796 639 1857 ayere
651 1798 673 1856 ;
721 1783 1018 1843 oeternum
1064 1799 1338 1865 namque
1381 1779 1548 1845 illud
1589 1787 1644 1845 et
1687 1781 2022 1863 infinitum
2068 1780 2226 1865 Ens,
2270 1780 2440 1866 quod
2481 1779 2685 1845 Deum
2729 1799 2839 1845 seu
2881 1779 3091 1844 Natu-

458 1885 601 1928 ram
666 1868 1074 1952 appellamus,
1139 1870 1369 1950 eadem‚
1436 1890 1565 1954 qua
1629 1871 1858 1953 existit,
1925 1870 2284 1935 necessitate
2349 1870 2495 1951 ayit.
2561 1869 2665 1935 Ex
2731 1889 2862 1956 qua
2927 1869 3091 1933 enim

458 1960 718 2020 naturce
779 1958 1136 2022 necessitate
1181 1958 1403 2041 exist-it,
1449 1979 1525 2024 ex
1568 1959 1782 2024 eadem
1825 1960 2035 2040 ipsum
2079 1980 2261 2042 ayere
2304 1958 2684 2024 ostendimus
2729 1958 2940 2042 (Prop.
2989 1958 3090 2022 16.

465 2064 524 2127 p.
576 2045 675 2127 1.).
719 2044 910 2111 Ratio
954 2046 1188 2132 iqitur‚.
1216 2066 1328 2112 seu
1373 2067 1587 2131 causa,
1634 2069 1747 2112 cur
1794 2047 1970 2114 Deus
2005 2069 2117 2114 seu
2153 2048 2413 2113 Natura
2447 2047 2598 2132 ayit,
2634 2051 2693 2113 et
2729 2066 2845 2112 cur
2866 2046 3092 2131 existit,

463 2151 598 2196 una
669 2135 1002 2219 eademque
1067 2143 1172 2201 est.
1250 2135 1333 2204 Ut
1398 2157 1542 2222 erqo
1602 2137 1842 2203 nullius
1900 2137 2052 2219 finis
2110 2139 2305 2203 causa
2349 2137 2574 2220 existit,
2618 2136 2861 2202 nullius
2904 2136 3092 2201 etiam

459 2222 614 2303 finis
680 2226 875 2290 causa*
936 2226 1105 2308 a9it5
1150 2226 1260 2291 sed
1301 2231 1375 2289 ut
1418 2226 1742 2309 existendi,
1786 2228 1874 2291 sic
1919 2234 1977 2292 et
2021 2226 2249 2310 ayendi
2289 2227 2698 2311 principium,
2741 2226 2835 2290 vel
2881 2225 3091 2308 finem,

456 2310 639 2375 habet
684 2313 952 2380 nullum.
1005 2314 1217 2381 Causa
1261 2320 1487 2398 autem,
1532 2336 1678 2402 quoe
1720 2316 1944 2398 finalis
1990 2317 2237 2399 dicitur,
2280 2314 2444 2381 nihil
2480 2322 2571 2380 est
2604 2319 2858 2400 praeter
2880 2316 3093 2399 ipsum

460 2398 808 2468 humanum
876 2404 1242 2488 appetitum,
1309 2409 1620 2488 quatenus
1683 2407 1740 2469 is
1805 2406 2004 2488 alicuj
2006 2426 2085 2471 us
2150 2405 2246 2469 rei
2300 2404 2494 2471 veluti
2549 2405 2937 2490 principium
2982 2423 3090 2468 seu

455 2510 652 2554 causa
695 2492 1014 2576 primaria
1058 2493 1510 2559 consideratur.
1556 2494 1678 2559 Ex.
1723 2515 1819 2576 qr.
1863 2514 2003 2559 cum
2048 2496 2312 2561 dicimus
2355 2494 2799 2559 habitationem
2835 2513 3090 2558 causam

457 2578 662 2662 fuisse
699 2581 956 2663 finalem
1001 2580 1197 2666 hujus
1242 2586 1360 2647 aut
1401 2581 1572 2649 illius
1619 2583 1855 2664 domus,
1901 2582 2060 2648 nibil
2104 2589 2238 2649 tum
2283 2603 2436 2648 sane
2471 2582 2873 2666 intelligimus
2896 2582 3090 2665 aliud,

459 2687 654 2750 quam
712 2670 880 2756 quod
939 2670 1113 2737 homo
1173 2693 1249 2736 ecc
1293 2692 1377 2754 eo,
1421 2675 1587 2754 quod
1621 2671 1764 2736 vitce
1809 2673 2154 2738 domesticae
2194 2672 2507 2738 commoda
2549 2674 2934 2755 imayinatus
2981 2674 3088 2749 est,

459 2758 809 2842 appetitum
851 2758 1068 2825 habuit
1113 2760 1470 2842 aedificandi
1511 2763 1778 2827 domum.
1824 2761 2037 2842 Quare
2074 2762 2389 2840 habitatio,
2426 2767 2744 2847 quatenus
2780 2768 2850 2826 ut
2873 2759 3093 2844 finalis

458 2866 659 2911 causa
725 2849 1181 2933 consideratur,
1249 2849 1410 2915 nihil
1474 2856 1565 2917 est
1619 2855 1855 2931 praeter
1914 2851 2083 2916 hunc
2139 2851 2523 2935 sinyularem
2568 2850 2935 2936 appetitum,
2978 2849 3093 2931 qui

452 2957 674 3000 revera
742 2959 935 3003 causa
1003 2942 1095 3003 est
1160 2938 1480 3024 efficiens;
1542 2960 1686 3026 quoe
1746 2945 1821 3005 ut
1860 2941 2075 3024 prima
2119 2941 2569 3023 consideratur,
2615 2940 2772 3027 quia
2815 2938 3091 3004 homines

451 3045 714 3089 suorum
773 3027 1169 3113 appetituum
1213 3048 1439 3093 causas
1482 3029 1886 3094 communiter
1931 3031 2243 3112 ignorant.
2290 3029 2461 3095 Sunt
2505 3049 2790 3116 namque,
2833 3034 2909 3093 ut
2946 3028 2982 3111 j
2985 3047 3088 3091 am

450 3134 615 3197 soepe
681 3114 836 3200 dixi,
896 3137 1163 3181 suarum
1222 3118 1471 3205 quidem
1515 3120 1836 3183 actionum
1880 3123 1941 3183 et
1985 3120 2384 3204 appetituum
2429 3119 2673 3203 conscii,
2718 3118 2830 3183 sed
2872 3116 3090 3200 iynari

451 3223 810 3287 causarum,
862 3226 905 3270 a
964 3206 1193 3293 quibus
1236 3206 1324 3271 ad
1365 3207 1615 3293 aliquid
1656 3208 2082 3291 appetendum
2127 3208 2649 3272 determinantur.
2701 3205 2882 3286 Quod
2922 3225 3089 3290 proe-

448 3298 619 3357 terea
689 3293 872 3377 vulqo
931 3295 1135 3378 ajunt,
1194 3296 1520 3361 Naturam
1565 3296 1911 3381 aliquando
1956 3297 2210 3378 deficere
2251 3296 2346 3362 vel
2386 3315 2659 3380 peccare,
2704 3314 2924 3381 resque
2964 3295 3083 3358 im-

445 3382 764 3466 perfectas
828 3384 1187 3467 producere,
1256 3385 1421 3449 inter
1487 3390 1828 3450 commenta
1885 3405 2161 3469 numero,
2208 3386 2283 3451 de
2326 3386 2561 3471 quibus
2602 3385 2674 3449 in
2717 3383 3085 3470 Appendice

452 3468 684 3535 Partis
751 3471 996 3537 Primae
1061 3474 1169 3556 eyi.
1240 3473 1552 3558 Perfectio
1609 3475 1805 3557 iyitur
1850 3481 1908 3540 et
1951 3474 2335 3561 imperfectio
2378 3494 2600 3540 revera
2644 3474 2811 3539 modi
2852 3472 3083 3538 solum-

454 3559 634 3624 modo
700 3562 1019 3646 coqitandi
1063 3569 1235 3646 sunt,
1278 3582 1495 3648 nempe
1538 3565 1835 3646 notiones,
1879 3584 2041 3650 quas
2082 3565 2318 3648 fingere
2360 3563 2625 3629 solemus
2668 3583 2744 3628 ex
2788 3581 2871 3646 eo,
2917 3560 3087 3648 quod

457 3649 733 3732 ejusdem
790 3651 1011 3734 speciei
1068 3657 1186 3716 aut
1239 3654 1489 3736 qeneris
1547 3653 1884 3718 individua
1928 3654 2016 3719 ad
2055 3655 2312 3719 invicem
2353 3672 2791 3738 comparamus
2805 3671 2828 3716 .·
2870 3656 2930 3717 et
2971 3650 3088 3715 hac

459 3737 536 3801 de
580 3758 776 3803 causa
819 3759 1023 3825 supra
1065 3740 1296 3820 (Defin.
1349 3742 1405 3805 6.
1452 3762 1508 3826 p.
1559 3745 1641 3820 2.)
1686 3742 1841 3825 dixi,
1885 3762 1980 3807 me
2022 3762 2136 3826 per
2179 3742 2525 3807 realitatem
2563 3748 2618 3806 et
2637 3741 3084 3825 perfectionem

455 3825 619 3891 idem
669 3828 1023 3911 intelligere.
1071 3828 1348 3895 Solemus
1391 3832 1557 3896 enim
1601 3832 1811 3896 omnia
1853 3831 2124 3896 Naturoe
2160 3830 2491 3897 individua
2525 3830 2614 3895 ad
2649 3850 2854 3895 unum
2874 3848 3090 3912 yenus‚

457 3916 631 4003 quod
691 3919 1234 3999 generalissimum
1300 3919 1679 4003 appellatur,
1743 3940 2066 3999 revocare,·
2125 3940 2345 4004 nempe
2401 3920 2487 3985 ad
2529 3920 2832 3986 notionem
2878 3916 3090 4000 Eritis,

453 4025 598 4085 quoe
664 4006 752 4071 ad
815 4008 1025 4072 omnia
1092 4007 1369 4073 absolute
1429 4007 1706 4074 Naturoe
1763 4009 2104 4075 individua
2161 4011 2450 4095 pertinet.
2503 4007 2830 4088 Quatenus
2873 4008 3088 4092 itaque

455 4093 733 4159 Naturoe
775 4096 1111 4162 individua
1156 4097 1243 4162 ad
1286 4096 1396 4161 hoc
1436 4118 1634 4180 yenus
1676 4118 2049 4180 revocamus,
2093 4105 2152 4164 et
2197 4098 2287 4163 ad
2329 4099 2587 4163 invicem
2631 4116 3085 4182 comparamus,

456 4187 519 4247 et
561 4183 693 4248 alia
737 4185 884 4267 plus
929 4186 1214 4251 entitatis
1257 4206 1370 4251 seu
1413 4187 1719 4252 realitatis
1756 4207 1949 4272 quam
1986 4188 2118 4253 alia
2140 4187 2363 4253 habere
2385 4188 2812 4271 comperimus,
2836 4192 3087 4251 eatenus

455 4271 591 4336 alia
632 4272 782 4337 aliis
823 4274 1200 4358 perfectiora
1246 4295 1376 4340 esse
1421 4276 1719 4355 dicimus‚·
1755 4282 1813 4340 et
1850 4282 2163 4357 quatenus
2201 4277 2417 4341 iisdem
2454 4276 2704 4362 aliquid
2739 4274 3089 4357 tribuimus,

455 4362 627 4445 quod
689 4364 1070 4445 negationem
1137 4363 1408 4447 involvit,
1474 4371 1550 4430 ut
1616 4365 1932 4448 terminus,
1996 4366 2164 4448 finis,
2224 4366 2609 4450 impotentia,
2657 4370 2784 4449 etc.,
2828 4368 3088 4428 eatenus

455 4451 599 4530 ipsa
659 4450 1021 4536 imperfecta
1083 4453 1488 4537 appellamus,
1532 4455 1686 4537 quia
1744 4461 2030 4519 nostram
2073 4456 2349 4521 Mentem
2393 4473 2526 4519 non
2573 4474 2745 4541 aeque
2786 4452 3089 4537 afficiunt

456 4559 536 4603 ac
601 4538 734 4622 illa,
802 4561 943 4625 quoe
994 4543 1278 4626 perfecta
1335 4564 1643 4626 vocamus,
1703 4549 1763 4609 et
1805 4564 1932 4609 non
1978 4544 2146 4630 quod
2190 4543 2343 4627 ipsis
2386 4543 2649 4630 aliquid,
2693 4543 2859 4630 quod
2899 4562 3090 4607 suum

455 4629 558 4711 sit,
602 4627 867 4714 deficiat,
912 4632 1006 4695 vel
1051 4632 1218 4718 quod
1259 4632 1522 4697 Natura
1554 4634 1918 4717 peccaverit.
1965 4632 2144 4722 Nilnl
2189 4636 2354 4698 enim
2397 4639 2653 4697 naturoe
2688 4632 2963 4714 alicm’us
2998 4631 3093 4695 rei

458 4719 761 4800 competit,
820 4720 952 4785 nisi
1009 4721 1094 4803 id,
1149 4720 1313 4807 quod
1356 4742 1431 4786 ex
1472 4723 1827 4787 necessitate
1871 4728 2123 4787 naturce
2158 4742 2369 4788 causoe
2411 4721 2740 4807 efficientis
2783 4721 3086 4808 sequitur,

457 4809 517 4870 et
582 4807 882 4977 quisstquid
947 4830 1023 4875 ex
1079 4811 1440 4876 necessitate
1496 4816 1752 4877 naturoe
1794 4830 2000 4876 causoe
2041 4810 2375 4898 efficientis
2419 4812 2729 4898 sequitur,
2772 4810 2844 4875 id
2885 4828 3085 4874 neces·

461 4913 633 4959 sario
749 4945 765 4961 .

2855 5006 2889 5058 8
