3609 5642
562 460 690 525 136
1573 477 1821 524 srmone
1864 478 2017 525 uns
2060 479 2147 525 w.

558 648 842 731 corporis
908 646 1136 731 agendi
1202 647 1515 749 potentia·
1544 647 1817 729 augetur
1836 735 1850 747 ⁵
1876 645 1979 712 vel
2017 647 2284 749 juvatur
2304 668 2320 726 3
2339 646 2645 749 ‘Tristitia
2687 647 2919 751 autem„
2947 649 3171 710 contra

558 735 1042 909 :3203520222
1072 733 3173 908 ssa.⁰}‘3⁰‡zj.25⁰fflfis⁰¹ffloemsstxff¹zztvti..0‘22‘3‘03‘1521

1361 958 2059 1026 PROPOSITIO
2147 960 2353 1028 XLII.

644 1072 971 1139 Hilaritas
1036 1094 1345 1140 excessum
1410 1072 1635 1140 habere
1697 1074 1938 1161 nequit,
2001 1074 2113 1140 sed
2167 1093 2405 1159 semper
2463 1073 2624 1139 bona
2682 1078 3174 1153 est,·etcontra

557 1161 988 1229 Melancholia
1024 1182 1263 1249 semper
1306 1162 1494 1229 mala.

1514 1281 2224 1329 onnonsrsar1c

646 1362 954 1429 Hilaritas
1001 1362 1163 1445 (vide
1204 1364 1345 1448 ejus
1386 1360 1595 1443 Defin.
1642 1361 1714 1428 in
1757 1359 1951 1428 Schoz.
1997 1362 2191 1447 Prop.
2232 1362 2334 1427 11.
2369 1382 2430 1447 p.
2470 1363 2558 1446 3.)
2599 1368 2696 1429 est
2718 1361 2984 1445 Laetitia,
3009 1381 3176 1445 quae,

558 1457 877 1537 quatenus
943 1452 1025 1517 ad
1090 1452 1338 1537 Corpus
1397 1452 1690 1534 refertur,
1733 1453 1802 1514 in
1863 1453 1986 1516 hoc
2031 1453 2339 1533 consistit,
2385 1453 2557 1536 quod
2607 1450 2905 1536 Corporis
2951 1469 3176 1515 omnes

556 1546 768 1627 partes
813 1544 1047 1627 pariter
1091 1544 1222 1607 sint
1266 1541 1539 1623 affectae3
1585 1542 1707 1605 hoc
1752 1545 1850 1606 est
1894 1544 2042 1626 (per
2085 1540 2274 1626 Prop.
2315 1540 2418 1605 11.
2453 1561 2516 1625 p.
2557 1541 2638 1623 3.)
2679 1542 2853 1625 quod
2876 1539 3175 1625 Corporis

558 1632 787 1716 agendi
832 1632 1113 1716 potentia
1157 1636 1431 1715 augetur
1474 1630 1576 1695 vel
1614 1632 1902 1712 juvatur,
1945 1632 2036 1695 ita
2080 1634 2153 1695 ut
2197 1649 2420 1695 omnes
2465 1632 2605 1713 ejus
2651 1637 2864 1714 partes
2904 1629 3172 1695 eandem

559 1719 641 1785 ad
683 1721 962 1786 invicem
1009 1724 1222 1784 motus
1267 1723 1332 1784 et
1377 1720 1612 1803 quietis
1657 1721 1972 1784 rationem
2012 1718 2373 1800 obtineant3
2414 1723 2607 1804 atque
2629 1719 2787 1785 adeo
2811 1724 2962 1802 (per
2982 1717 3172 1801 Prop.

560 1809 663 1873 39.
707 1808 926 1894 hujus)
971 1807 1279 1873 Hilaritas
1325 1827 1579 1892 semper
1623 1812 1721 1873 est
1765 1806 1955 1889 bona,
1996 1826 2116 1873 nec
2162 1826 2501 1873 excessum
2546 1808 2781 1875 habere
2825 1811 3049 1891 potest.
3087 1808 3177 1870 At

559 1897 980 1964 Melancholia
1039 1899 1248 1980 (cujus
1304 1897 1487 1962 etiam
1547 1895 1756 1979 Defin.
1801 1897 1939 1962 vide
1989 1897 2054 1961 in
2098 1896 2303 1962 eodem
2349 1894 2545 1962 Schol.
2589 1896 2780 1981 Prop.
2829 1895 2934 1960 11.
2976 1915 3040 1980 p.
3087 1895 3171 1973 3.)

558 1991 657 2052 est
696 1986 992 2069 Tristitia,
1038 2006 1202 2071 quae,
1247 1990 1566 2070 quatenus
1611 1986 1693 2051 ad
1737 1985 1984 2071 Corpus
2029 1985 2321 2069 refertur,
2363 1986 2433 2049 in
2480 1987 2601 2049 hoc
2646 1986 2956 2067 consistit,
3003 1984 3175 2069 quod

560 2075 859 2161 Corporis
927 2076 1158 2161 agendi
1223 2076 1507 2160 potentia
1568 2073 1860 2141 absolute
1927 2076 2244 2140 minuitur
2302 2075 2404 2138 vel
2467 2079 2826 2154 coercetur3
2889 2075 3177 2157 adeoque

558 2170 708 2249 (per
750 2164 946 2250 Prop.
995 2165 1098 2229 38.
1143 2163 1364 2250 hujus)
1410 2183 1663 2249 semper
1707 2169 1805 2231 est
1848 2163 2029 2229 mala.
2081 2163 2148 2244 Q.
2193 2163 2275 2228 E.
2320 2162 2403 2228 D.

1362 2298 2059 2366 PROPOSITIO
2149 2293 2421 2364 XLIIL

648 2412 956 2482 Titiuatio
1011 2434 1320 2482 excessum
1376 2412 1600 2479 habere
1654 2417 1867 2498 potest,
1910 2417 1971 2479 et
2014 2411 2185 2478 mala
2228 2432 2355 2477 esse
2367 2432 2390 2491 ,·
2433 2410 2630 2478 Dolor
2673 2417 2880 2477 autem
2923 2415 3181 2477 eatenus

550 2507 757 2588 potest
800 2523 929 2570 esse
973 2503 1187 2590 bonus,
1230 2508 1544 2591 quatenus
1588 2501 1900 2568 Titiaatio
1942 2522 2055 2567 seu
2095 2501 2355 2567 Laetitia
2397 2506 2489 2567 est
2529 2500 2718 2566 mala.

1513 2634 2235 2682 DEMONSTRATIQ

647 2714 949 2782 Titillatio
994 2721 1092 2783 est
1134 2715 1403 2800 Laetitia,
1446 2736 1613 2802 quae,
1658 2720 1982 2801 quatenus
2029 2716 2107 2781 ad
2153 2715 2402 2801 Corpus
2444 2716 2738 2800 refertur,
2781 2717 2851 2779 in
2890 2716 3011 2780 hoc
3033 2734 3183 2779 con-

562 2805 748 2887 sistit,
816 2804 990 2888 quod
1055 2825 1187 2870 una
1231 2806 1334 2873 vel
1380 2805 1626 2890 aliquot
1670 2807 1811 2888 ejus
1856 2808 2069 2890 partes
2115 2824 2247 2889 proe
2293 2806 2561 2890 reliquis
2607 2804 2980 2869 afficiuntur
3025 2803 3184 2886 (vide

561 2895 699 2975 eius
742 2891 953 2975 Defin.
993 2894 1067 2959 in
1103 2892 1297 2960 Schol.
1332 2892 1527 2976 Prop.
1567 2893 1672 2959 11.
1704 2913 1768 2974 p.
1806 2894 1924 2976 3.);
1972 2895 2158 2977 cujus
2204 2894 2469 2960 affectus
2513 2895 2797 2979 potentia
2841 2897 3019 2958 tanta
3042 2912 3184 2959 esse

563 2987 789 3067 potest,
860 2986 933 3046 ut
996 2984 1281 3068 reliquas
1350 2982 1648 3069 Corporis
1718 2983 2001 3049 actiones
2070 2988 2330 3067 superet
2395 2985 2542 3065 (per
2601 2980 2796 3068 Prop.
2844 2982 2902 3046 6.
2947 2981 3185 3066 hujus),

564 3075 755 3155 eique
822 3073 1225 3155 pertinaciter
1282 3072 1621 3156 adhaereat,
1665 3076 1861 3157 atque
1921 3071 2078 3138 adeo
2124 3072 2444 3157 impediat,
2493 3091 2623 3157 quo
2669 3074 2886 3137 minus
2933 3070 3181 3156 Corpus

565 3166 783 3244 aptum
851 3162 953 3244 sit,
995 3166 1069 3227 ut
1127 3161 1425 3246 plurimis
1467 3161 1611 3227 aliis
1657 3161 1867 3226 modis
1910 3160 2256 3243 afficiatur;
2299 3162 2591 3245 adeoque
2640 3161 2787 3245 (per
2830 3159 3028 3241 Prop.
3078 3161 3183 3225 38.

563 3247 775 3333 hujus)
834 3250 1001 3315 mala
1059 3269 1201 3317 esse
1258 3255 1482 3335 potest.
1525 3248 1773 3315 Deinde
1818 3248 2036 3333 Dolor,
2079 3250 2195 3334 qui
2238 3254 2460 3315 contra
2505 3249 2791 3315 Tristitia
2836 3254 2950 3332 est,
2997 3251 3067 3313 in
3116 3268 3186 3314 se

566 3339 702 3404 solo
750 3339 1207 3423 consideratus,
1251 3358 1381 3403 non
1426 3344 1637 3424 potest
1682 3358 1824 3405 esse
1869 3338 2081 3404 bonus
2131 3339 2279 3424 (per
2313 3337 2509 3423 Prop.
2550 3338 2655 3403 41.
2681 3338 2916 3423 hujus).
2938 3338 3186 3403 Verum

565 3429 718 3511 quia
784 3429 924 3511 ejus
992 3430 1092 3493 vis
1151 3433 1215 3494 et
1257 3430 1724 3494 incrementum
1770 3427 2075 3493 definitur
2118 3429 2403 3513 potentia
2446 3448 2659 3493 causae
2705 3433 2988 3494 externae
3032 3446 3182 3491 cum

566 3521 784 3581 nostra
850 3520 1210 3601 comparata
1267 3519 1415 3599 (per
1458 3515 1650 3597 Prop.
1700 3517 1759 3580 5.
1805 3515 2040 3599 hujus),
2083 3535 2430 3601 possumus
2475 3535 2628 3602 ergo
2673 3518 2872 3600 hujus
2917 3517 3183 3581 affectus

565 3606 851 3671 infinitos
896 3606 1132 3671 virium
1177 3608 1511 3691 concipere
1554 3605 1795 3691 gradus
1842 3611 1906 3671 et
1950 3605 2175 3671 modos
2219 3612 2370 3686 (per
2407 3605 2600 3687 Prop.
2627 3606 2685 3670 3.
2709 3605 2961 3687 huius);
2986 3609 3185 3689 atque

569 3694 726 3760 adeo
795 3695 1071 3761 eundem
1139 3695 1333 3760 talem
1401 3698 1752 3780 concipere,
1822 3697 1937 3778 qui
2000 3694 2448 3761 'l'itillationem
2510 3697 2713 3779 possit
2756 3699 3066 3777 coercere,
3113 3699 3186 3759 ut

568 3802 908 3851 excessum
977 3803 1110 3848 non
1176 3783 1420 3866 habeat,
1487 3788 1552 3850 et
1611 3789 1878 3849 eatenus
1937 3788 2087 3864 (per
2116 3786 2395 3869 primm
2428 3788 2680 3865 partem
2725 3782 2922 3864 Prop.
2964 3782 3187 3864 hujus)

570 3872 1029 4041 {ffioere’Qn}
1054 3871 1301 4028 Cssrpus
1371 3874 1588 3938 minus
1647 3878 1869 3958 aptum
1930 3873 2264 3953 reddatur3
2327 3893 2402 3938 ac
2446 3874 2713 3958 proinde
2758 3878 3023 3939 eatenus
3069 3874 3190 3938 erit

615 3981 797 4027 onus.
902 4011 916 4025 .
1028 4011 1041 4026 .
1153 4010 1166 4026 .

1370 4047 2071 4147 PROPOSITIO
2159 4048 2393 4116 XLIV.

660 4162 858 4228 Amor
904 4168 960 4227 et
1007 4160 1337 4248 Cupiditas
1377 4182 1684 4229 excessum
1730 4160 1953 4227 habere
1991 4167 2268 4244 possunt.

1524 4295 2237 4342 DnuoNsTRATIQ

661 4378 866 4441 Amor
932 4381 1029 4442 est
1086 4375 1337 4443 Laetitia
1385 4377 1534 4462 (per
1577 4375 1792 4459 Defin.
1841 4376 1900 4440 6.
1947 4374 2001 4441 A
2009 4376 2212 4459 ἤθει.)
2274 4378 2743 4442 concomitante
2787 4375 2932 4440 idea
2974 4394 3188 4440 causae

577 4470 890 4532 externae:
937 4465 1236 4531 Titillatio
1281 4467 1479 4551 igitur
1521 4471 1673 4546 (per
1717 4463 1912 4529 Schol.
1960 4464 2149 4545 Prop.
2193 4463 2296 4529 11.
2330 4484 2392 4545 p.
2434 4465 2521 4543 3.)
2557 4466 3023 4530 concomitante
3044 4464 3188 4529 idea

578 4574 788 4620 causae
849 4559 1129 4618 externae
1180 4557 1383 4620 Amor
1427 4560 1556 4635 θεῖς
1603 4560 1797 4639 atque
1842 4553 2000 4618 adeo
2042 4555 2246 4618 Amor
2288 4558 2438 4633 (per
2474 4552 2668 4635 Prop.
2715 4557 2925 4634 proec.)
2971 4571 3189 4619 exces-

578 4664 721 4708 sum
790 4643 1021 4709 habere
1086 4649 1308 4726 potest.
1376 4642 1625 4709 Deinde
1683 4642 2015 4727 Cupiditas
2074 4661 2148 4708 eo
2195 4648 2293 4708 est
2337 4643 2559 4725 major,
2603 4662 2732 4727 quo
2780 4643 3063 4725 affectus,
3108 4660 3191 4707 ex

581 4752 709 4816 quo
776 4733 998 4815 oritur,
1066 4735 1269 4816 maj0r
1336 4737 1433 4797 est
1501 4735 1649 4816 (per
1693 4730 1890 4816 Prop.
1935 4730 2038 4794 37.
2074 4752 2142 4816 p.
2188 4732 2287 4811 3.).
2349 4729 2563 4808 Quare
2615 4736 2687 4796 ut
2731 4732 2998 4797 affectus
3045 4733 3194 4811 (per

577 4820 773 4903 Prop.
821 4821 879 4886 6.
925 4820 1139 4905 hujus)
1208 4821 1489 4905 reliquas
1549 4822 1828 4886 hominis
1887 4821 2168 4886 actiones
2227 4839 2529 4904 superare
2571 4825 2813 4905 potest3
2863 4821 2956 4886 sic
3000 4820 3190 4885 etiam
