3609 5642
1565 527 1647 571 1111
1690 527 2078 573 mmomus.
3003 508 3128 572 101

503 695 619 761 sed
687 714 772 761 ex
839 695 958 760 hac
1028 694 1400 760 definitione
1465 700 1618 779 (per
1659 692 1852 782 Prop.
1900 695 2006 759 23.
2048 714 2110 779 p.
2156 695 2244 774 2.)
2302 714 2435 761 non
2495 700 2890 780 sequeretur,
2954 696 3126 780 quod

500 784 687 850 Mens
754 786 953 869 possit
1022 804 1157 849 suae
1227 783 1609 869 cupiditatis
1670 786 1809 849 sive
1868 786 2191 870 appetitus
2252 803 2393 850 esse
2452 786 2725 851 conscia.
2787 784 3011 869 Igitur,
3057 790 3131 850 ut

500 874 700 958 hujus
747 876 1154 939 conscientiae
1198 893 1457 939 causam
1505 874 1922 956 involverem,
1969 892 2231 940 necesse
2276 874 2401 939 fuit
2447 877 2595 960 (per
2620 873 2879 939 eandem
2904 871 3130 960 Prop)

501 963 751 1048 addere,
817 967 1129 1049 quatenus
1190 984 1269 1028 ex
1326 963 1482 1029 data
1539 983 1916 1049 quacunque
1975 964 2114 1047 ejus
2171 964 2501 1047 affectione
2560 964 2977 1030 determinata
3020 970 3128 1029 etc.

499 1051 666 1117 Nam
713 1071 827 1138 per
870 1052 1268 1118 affectionem
1315 1053 1612 1118 humanae
1658 1054 1971 1118 essentiae
2000 1072 2456 1139 quamcunque
2500 1054 2790 1137 eJusdem
2837 1056 3128 1118 essentiae

500 1142 1025 1208 constitutionem
1090 1142 1532 1227 intelligimus,
1598 1143 1737 1208 sive
1802 1161 1876 1206 ea
1945 1144 2031 1207 sit
2092 1143 2331 1225 innata,
2399 1144 2537 1207 sive
2599 1142 2772 1228 quod
2830 1143 2971 1226 ipsa
3015 1161 3129 1227 per

500 1231 708 1296 solum
755 1230 1190 1316 Cogitationis,
1236 1233 1373 1296 sive
1418 1251 1534 1316 per
1577 1232 1787 1296 solum
1833 1230 2250 1297 Extensionis
2287 1231 2668 1297 attributum
2710 1233 3127 1316 concipiatur,

499 1320 636 1385 sive
683 1321 963 1404 denique
1010 1321 1185 1405 quod
1228 1321 1309 1385 ad
1357 1327 1703 1405 utrumque
1749 1320 1946 1385 simul
1991 1319 2319 1386 referatur.
2356 1320 2484 1385 Hic
2521 1322 2720 1404 igitur
2744 1319 3126 1405 cupiditatis

498 1411 757 1475 nomine
822 1410 1113 1495 intelligo
1181 1410 1460 1475 hominis
1529 1427 1955 1494 quoscunque
2000 1413 2288 1493 conatus,
2332 1412 2630 1494 impetuS,
2681 1412 3020 1494 appetitus,
3065 1416 3128 1475 et

500 1499 856 1581 volitiones,
916 1500 1031 1583 qui
1090 1518 1205 1583 pro
1267 1501 1443 1564 varia
1488 1500 1774 1583 ejusdem
1825 1499 2106 1564 hominis
2153 1501 2610 1565 constitutione
2657 1500 2835 1580 varii,
2881 1504 2946 1564 et
2990 1518 3121 1563 non

496 1607 641 1652 raro
709 1589 867 1653 adeo
927 1588 1050 1653 sibi
1108 1589 1389 1653 invicem
1449 1590 1723 1674 oppositi
1770 1594 1944 1671 sunt,
1988 1594 2063 1654 ut
2105 1589 2296 1654 homo
2343 1589 2768 1654 diversimode
2814 1589 3123 1670 trahatur,

501 1683 580 1759 et,
626 1697 755 1762 quo
800 1696 871 1743 se
916 1681 1138 1760 vertat,
1183 1680 1443 1773 nesciat.

1748 1790 1855 1854 ·11.

582 1903 840 1969 Laetitia
884 1908 983 1968 est
1027 1904 1306 1969 hominis
1353 1904 1644 1969 transitio
1690 1924 1728 1968 a
1773 1906 2021 1969 minore
2065 1904 2147 1968 ad
2191 1905 2493 1988 majorem
2539 1904 3010 1988 perfectionem.

1750 2040 1869 2104 111.

582 2154 876 2221 Tristitia
920 2161 1019 2221 est
1062 2155 1343 2220 hominis
1387 2156 1681 2219 transitio
1728 2174 1766 2218 a
1813 2156 2053 2239 majore
2099 2155 2180 2219 ad
2225 2157 2537 2221 minorem
2584 2156 3054 2241 perfectionem.

1529 2287 2105 2334 EXPLIOA'MO.

581 2367 741 2434 Dico
808 2371 1273 2435 transitionem.
1342 2368 1509 2434 Nam
1579 2368 1826 2434 Loetitia
1894 2389 2026 2434 non
2096 2374 2194 2435 est
2251 2371 2392 2454 ipsa
2450 2369 2770 2454 perfectio.
2833 2369 2903 2435 Si
2948 2371 3118 2435 enim

495 2459 687 2523 homo
756 2478 907 2524 cum
975 2458 1382 2544 perfectione,
1440 2459 1525 2524 ad
1570 2479 1765 2544 quam
1814 2461 2063 2542 transit,
2107 2463 2496 2542 nasceretur,
2542 2460 2831 2541 ejusdem
2875 2458 3121 2544 absque

497 2546 760 2613 Loetitiae
805 2548 1035 2613 affectu
1083 2567 1343 2632 compos
1388 2553 1589 2630 esset3
1640 2548 1816 2633 quod
1862 2549 2102 2613 clarius
2140 2554 2399 2632 apparet
2429 2567 2511 2612 ex
2550 2547 2849 2614 Tristities
2871 2548 3120 2631 affectu,

493 2639 606 2721 qui
651 2638 801 2702 huic
844 2643 941 2702 est
986 2640 1361 2703 contrarius.
1408 2636 1574 2702 Nam
1622 2638 1798 2722 quod
1841 2636 2127 2702 Tristitia
2170 2638 2241 2702 in
2284 2638 2664 2703 transitione
2703 2639 2783 2703 ad
2808 2640 3118 2703 minorem

490 2725 937 2811 perfectionem
1007 2728 1317 2810 consistit,
1377 2746 1506 2791 non
1568 2733 1783 2792 autem
1845 2729 1914 2790 in
1975 2730 2116 2811 ipsa
2177 2728 2428 2792 minore
2481 2727 2885 2811 perfectione,
2931 2746 3120 2792 nemo

489 2816 3119 2991 3333.‘’32222‘.&353⁶gsstiffissgff⁰N22t⁰3133ss⁰332153ffiss⁶2:²35qtfftssts

1720 2955 1734 2969 ·
2571 2954 2587 2987 1

487 2996 557 3058 111
622 2996 979 3078 privatione
1045 2995 1303 3078 majoris
1369 2994 1775 3079 perfectionis
1845 2996 2186 3076 consistat3
2248 3014 2399 3059 nam
2459 2997 2732 3079 privatio
2795 2995 2956 3059 nihil
3002 3002 3116 3077 est,

486 3081 785 3148 Tristitiae
852 3088 1067 3150 autem
1136 3084 1401 3149 affectus
1467 3089 1651 3149 actus
1718 3089 1837 3166 est,
1903 3086 2018 3168 qui
2085 3090 2418 3168 propterea
2477 3085 2700 3150 nullus
2761 3085 2927 3149 alius
2972 3103 3115 3150 esse

486 3177 712 3257 potest,
759 3193 952 3257 quam
999 3178 1182 3238 actus
1227 3173 1605 3239 transeundi
1637 3174 1732 3238 -ad
1771 3175 2085 3238 minorem
2124 3173 2596 3257 perfectionem,
2634 3174 2755 3238 hoc
2793 3179 2908 3257 est,
2931 3181 3114 3239 actus

487 3281 620 3345 quo
666 3262 945 3328 hominis
988 3263 1220 3348 agendi
1262 3264 1546 3347 potentia
1591 3264 1909 3327 minuitur
1953 3263 2057 3327 vel
2102 3266 2430 3328 coercetur
2474 3262 2632 3345 (vide
2680 3261 2876 3328 Schol.
2915 3261 3111 3346 Prop.

489 3351 590 3415 11.
636 3350 866 3434 hujus).
936 3350 1248 3417 Caeterum
1311 3352 1713 3418 definitiones
1758 3351 2138 3434 Hilaritatis,
2181 3351 2608 3434 Titillationis,
2654 3351 3113 3435 Melancholiae,

487 3446 550 3506 et
608 3438 864 3505 Doloris
910 3443 1151 3523 omitto,
1196 3444 1348 3525 quia
1394 3441 1475 3505 ad
1523 3440 1772 3525 Corpus
1817 3441 2222 3525 potissimum
2268 3441 2655 3524 referuntur,
2701 3447 2763 3507 et
2810 3461 2939 3506 non
2987 3443 3113 3507 nisi

484 3528 757 3595 Laetitiae
804 3535 918 3596 aut
958 3529 1259 3596 Tristitiae
1305 3536 1460 3596 sunt
1504 3532 1767 3615 species.

1746 3655 1861 3720 IV.

571 3767 932 3834 Admiratio
977 3774 1075 3835 est
1119 3771 1213 3834 rei
1259 3769 1535 3853 alicujus
1578 3771 1968 3854 imaginatio,
2012 3772 2081 3834 in
2127 3789 2257 3855 qua
2302 3767 2486 3834 Mens
2533 3768 2744 3834 defixa
2781 3773 3112 3853 propterea

484 3863 718 3941 manet,
787 3858 940 3943 quia
1006 3858 1145 3922 haec
1213 3858 1561 3943 singularis
1629 3860 2005 3944 imaginatio
2074 3860 2317 3923 nullam
2391 3878 2540 3922 cum
2601 3859 2871 3942 reliquis
2922 3856 3111 3922 habet

482 3948 968 4013 connexionem.
1029 3946 1183 4014 Vide
1228 3945 1422 4028 Prop.
1470 3947 1573 4012 52.
1622 3946 1820 4031 hujus
1863 3967 2006 4014 cum
2050 3948 2330 4030 ejusdem
2376 3946 2572 4013 Schol.

1507 4081 2089 4128 EXPLICATIO.

568 4161 649 4226 In
694 4161 949 4227 Scholio
995 4162 1457 4247 Propositionis
1509 4164 1608 4227 18.
1655 4163 1867 4229 Partis
1908 4165 1966 4228 2.
2008 4163 2426 4243 ostendimus,
2467 4180 2765 4246 quaenam
2794 4163 2875 4227 sit
2898 4182 3110 4245 causa,

479 4270 596 4315 cur
640 4250 827 4317 Mens
873 4271 957 4317 ex
1004 4253 1537 4336 contemplatione
1587 4255 1783 4318 unius
1828 4255 1923 4318 rei
1970 4254 2182 4317 statim
2227 4254 2296 4316 in
2343 4252 2610 4317 alterius
2647 4253 2741 4317 rei
2779 4253 3109 4335 cogitatio-

478 4359 629 4405 nem
672 4341 933 4424 incidat,
976 4341 1274 4407 videlicet
1315 4343 1469 4426 quia
1509 4361 1728 4407 earum
1768 4361 1984 4407 rerum
2023 4342 2337 4425 imagines
2376 4343 2653 4405 invicem
2681 4346 3109 4408 concatenatae

478 4434 545 4494 et
611 4432 702 4494 ita
769 4430 1076 4496 ordinatae
1143 4436 1313 4513 sunt,
1372 4435 1447 4496 ut
1505 4430 1627 4496 alia
1687 4432 1880 4496 aliam
1936 4436 2278 4514 sequatur;
2327 4430 2500 4514 quod
2548 4430 2807 4514 quidem
2857 4434 3107 4515 concipi

477 4522 726 4604 nequit,
772 4520 1030 4605 quando
1075 4521 1168 4584 rei
1211 4523 1425 4604 imago
1472 4539 1639 4584 nova
1686 4526 1800 4603 est,
1846 4520 1959 4586 sed
2005 4519 2189 4585 Mens
2233 4522 2304 4583 in
2349 4519 2633 4602 ejusdem
2683 4521 2777 4584 rei
2824 4526 3106 4585 contem-

477 4608 762 4691 platione
820 4607 1225 4692 detinebitur,
1287 4609 1489 4674 donec
1551 4608 1632 4674 ab
1692 4610 1838 4675 aliis
1883 4611 2098 4674 causis
2144 4608 2227 4673 ad
2271 4608 2397 4673 alia
2440 4608 2855 4692 cogitandum
2903 4610 3107 4675 deter-

480 4698 778 4763 minetur.
821 4695 941 4763 Rei
984 4698 1201 4781 itaque
1246 4718 1433 4763 novae
1476 4700 1851 4783 imaginatio
1898 4699 1969 4762 in
2007 4716 2078 4763 se
2116 4698 2518 4763 considerata
2541 4697 2828 4779 eJusdem
2854 4703 3106 4763 naturae

480 4790 575 4851 est
617 4805 692 4851 ac
734 4787 1036 4872 reliquae3
1085 4793 1148 4852 et
1193 4788 1311 4852 hac
1355 4788 1434 4853 de
1480 4807 1677 4853 causa
1722 4807 1841 4873 ego
1888 4787 2398 4852 Admirationem
2443 4788 2612 4852 inter
2656 4786 2920 4853 affectus
2968 4807 3103 4852 non

475 4894 762 4961 numero,
804 4895 924 4942 nec
967 4895 1229 4942 causam
1278 4877 1479 4962 video,
1523 4897 1641 4942 cur
1684 4877 1752 4941 id
1796 4876 2093 4961 facerem,
2139 4876 2661 4962 quandoquidem
2702 4876 2839 4940 haec
2862 4875 3102 4942 Mentis
