3609 5642
508 499 637 565 162
1530 516 1777 564 mors
1820 516 1975 563 uas
2017 517 2084 563 v.

494 688 614 754 hac
671 687 869 772 igitur
928 685 1193 768 sublata,
1239 685 1497 749 Amoris
1544 685 1645 750 vel
1692 682 1840 749 Odii
1882 684 2087 748 forma
2132 684 2327 749 simul
2375 684 2657 764 tollitur;
2704 684 2997 768 adeoque
3047 684 3111 747 hi

493 776 774 858 affectus,
818 780 882 841 et
928 777 1043 859 qui
1087 793 1172 840 ex
1217 775 1317 839 his
1363 774 1677 856 oriuntur,
1723 774 2166 839 destruuntur.
2215 771 2284 853 Q.
2332 772 2413 838 E.
2460 771 2543 839 D.

1364 908 2056 975 PROPOSITIO
2147 909 2264 974 III.

582 1023 876 1107 Affectus,
943 1024 1058 1112 qui
1109 1023 1326 1109 passio
1389 1030 1501 1106 est,
1567 1023 1788 1089 desinit
1834 1043 1963 1089 esse
2001 1024 2233 1107 passio,
2278 1023 2652 1110 simulatque
2694 1024 2832 1105 ejus
2875 1021 3115 1087 claram

494 1118 552 1178 et
596 1113 955 1179 distinctam
1001 1113 1352 1197 formamus
1397 1113 1619 1177 ideam.

1442 1244 2158 1291 DRHONSTRATIQ

583 1326 889 1409 Affectus,
935 1326 1049 1411 qui
1094 1327 1307 1410 passio
1353 1330 1467 1408 est,
1512 1326 1655 1392 idea
1701 1330 1800 1392 est
1843 1326 2113 1392 confusa
2160 1326 2297 1411 (per
2337 1346 2540 1410 omer.
2585 1326 2816 1411 Affect.
2862 1324 3117 1407 Datin).

495 1415 566 1481 Si
629 1417 849 1500 itaque
913 1416 1121 1499 ipsius
1184 1413 1448 1480 affectus
1507 1415 1742 1479 claram
1790 1420 1855 1480 et
1899 1416 2265 1481 distinctam
2311 1414 2661 1481 formemus
2704 1417 2934 1499 ideam,
2980 1416 3119 1479 haec

495 1505 640 1570 idea
706 1503 786 1569 ab
853 1504 993 1588 ipso
1063 1502 1309 1586 affectu,
1375 1508 1694 1587 quatenus
1757 1505 1839 1568 ad
1901 1505 2100 1569 solam
2146 1503 2429 1569 Mentem
2476 1504 2768 1586 refertur,
2815 1524 2942 1569 non
2989 1506 3116 1569 nisi

495 1595 740 1658 ratione
784 1594 1215 1677 distinguetur
1256 1598 1394 1677 (per
1439 1591 1633 1672 Prop.
1680 1591 1786 1657 21.
1815 1590 1860 1673 1)
1887 1612 1957 1673 p.
1994 1593 2055 1657 2.
2094 1612 2233 1657 cum
2256 1592 2530 1675 ejusdcm
2553 1592 2805 1674 Schol.);
2830 1594 3115 1677 adeoque

493 1685 629 1767 (per
672 1681 862 1764 Pr0p.
909 1681 967 1746 3.
1010 1700 1072 1766 p.
1119 1681 1205 1759 3.)
1250 1681 1514 1746 affectus
1561 1682 1811 1747 desinet
1854 1701 1996 1748 esse
2039 1684 2269 1767 passio,
2319 1680 2387 1761 Q.
2433 1681 2515 1747 Ε.
2560 1680 2644 1746 D.

1483 1814 2139 1862 OOBOLLARIUE

582 1895 873 1961 Affectus
938 1897 1138 1980 igitur
1205 1915 1281 1961 eo
1349 1898 1552 1980 magis
1619 1897 1688 1959 in
1755 1902 1975 1961 nostra
2042 1902 2355 1982 potestate
2415 1901 2530 1980 est,
2575 1902 2638 1962 et
2683 1895 2869 1961 Mens
2915 1896 2993 1959 ab
3037 1914 3112 1960 eo

496 1986 712 2050 minus
758 1986 1017 2070 patitur,
1065 2003 1193 2069 quo
1236 1983 1421 2049 nobis
1468 1990 1562 2050 est
1609 1986 1836 2049 notior.

1360 2120 2054 2189 PROPOSITIO
2144 2123 2256 2188 IV.

582 2234 780 2301 Nulla
838 2242 928 2301 est
989 2234 1279 2317 Comme
1337 2237 1605 2319 affectio,
1649 2237 1836 2320 cujus
1876 2235 2146 2323 aliquem
2189 2235 2432 2301 clarum
2473 2240 2535 2300 ct
2578 2235 2941 2300 distinctum
2984 2252 3113 2298 nou

492 2344 821 2406 possumus
863 2325 1145 2408 formare
1186 2329 1556 2410 conceptum.

1451 2457 2166 2503 nnucnsrnnr1a

584 2536 745 2614 Quae
814 2537 1112 2604 omnibus
1182 2540 1550 2603 communia
1610 2543 1781 2621 sunt,
1827 2558 1954 2603 non
2002 2543 2274 2623 possunt
2318 2539 2567 2623 concipi
2612 2538 2739 2603 nisi
2784 2537 3115 2621 adaequate

496 2631 629 2712 (per
675 2625 863 2711 Prop.
908 2627 1012 2691 38.
1049 2648 1115 2712 p.
1162 2628 1277 2709 2.);
1326 2628 1615 2712 adeoque
1659 2632 1793 2711 (per
1842 2627 2035 2712 Prop.
2085 2626 2189 2692 12.
2234 2634 2291 2691 et
2331 2627 2590 2692 Lemma
2633 2626 2716 2710 2.,
2751 2627 2918 2713 quod
2936 2625 3114 2691 habe·

496 2721 604 2780 tur
643 2721 783 2800 post
827 2715 1021 2781 Schol.
1064 2714 1259 2800 Prop.
1306 2715 1409 2780 13.
1450 2735 1512 2800 p.
1557 2716 1639 2798 2.)
1709 2716 1889 2781 nulla
1955 2723 2051 2781 est
2114 2715 2412 2801 Corporis
2458 2716 2726 2798 affectio,
2769 2718 2957 2797 cujus
3002 2716 3113 2779 ali-

498 2824 689 2890 quem
736 2806 981 2870 clarum
1028 2811 1091 2870 et
1135 2805 1507 2870 distinctum
1553 2824 1684 2869 non
1725 2824 2074 2890 possumus
2111 2804 2387 2870 formare
2409 2810 2805 2888 conceptum.
2834 2800 2904 2882 Q.
2929 2802 3010 2867 E.
3031 2800 3115 2866 D.

1479 2937 2138 2984 GOROLLARIUE

584 3015 756 3082 Hinc
824 3021 1134 3103 sequitur,
1179 3020 1432 3084 nullum
1480 3038 1621 3086 esse
1665 3020 1981 3103 affectum,
2027 3022 2215 3103 cujus
2263 3037 2392 3083 non
2437 3037 2784 3103 possumus
2830 3018 3110 3100 aliquem

496 3107 742 3172 clarum
809 3111 874 3173 et
939 3108 1310 3173 distinctum
1379 3108 1656 3175 formare
1721 3114 2119 3192 conceptum.
2164 3108 2282 3174 Est
2327 3125 2608 3191 namque
2653 3107 2918 3172 affectus
2965 3103 3114 3170 Cor-

495 3198 670 3281 poris
715 3195 1062 3262 affectiouis
1106 3198 1250 3262 idea
1296 3197 1431 3281 (per
1471 3217 1608 3279 qen.
1652 3196 1873 3277 Affect.
1917 3195 2171 3279 Datim),
2218 3215 2367 3282 quae
2414 3201 2747 3280 propterea
2768 3198 2901 3279 (per
2922 3193 3113 3277 Prop.

493 3287 702 3369 proec.)
747 3286 1025 3370 aliquem
1072 3286 1314 3351 clarum
1362 3292 1425 3351 et
1472 3287 1848 3352 distinctum
1891 3286 2222 3352 involvere
2268 3284 2453 3351 debet
2499 3290 2894 3369 conceptum.

1569 3418 2040 3464 SOHOLIUM.

587 3495 1119 3584 Quandoquidem
1188 3499 1348 3563 nihil
1417 3500 1623 3580 datur,
1691 3518 1775 3565 ex
1845 3520 1976 3584 quo
2043 3500 2277 3584 aliquis
2323 3499 2586 3565 effectus
2631 3518 2761 3563 non
2810 3502 3114 3582 sequatur

498 3590 632 3670 (per
681 3586 867 3672 Prop.
913 3587 1017 3651 36.
1057 3607 1119 3671 p.
1167 3588 1269 3670 1.),
1313 3593 1376 3653 et
1422 3590 1732 3673 quicquid
1776 3608 1861 3654 ex
1905 3588 2065 3672 idea,
2110 3608 2259 3672 quae
2306 3589 2376 3651 in
2416 3587 2601 3653 nobis
2639 3593 2738 3653 est
2761 3589 3112 3672 adoequata,

497 3677 807 3759 sequitur,
844 3676 910 3740 id
957 3695 1147 3742 omne
1192 3678 1359 3742 clare
1405 3684 1467 3742 et
1512 3678 1810 3743 distincte
1852 3678 2273 3762 intelligimus
2319 3682 2456 3761 (per
2499 3676 2693 3761 Prop.
2740 3677 2843 3741 40.
2888 3696 2948 3759 p.
2996 3675 3110 3754 2.);

497 3765 646 3828 hinc
713 3767 1024 3849 sequitur,
1081 3784 1614 3850 unumquemque
1672 3771 2047 3851 potestatem
2094 3766 2343 3848 habere,
2392 3784 2462 3831 se
2507 3785 2788 3849 suosque
2834 3765 3112 3843 affectus,

496 3856 553 3918 si
598 3872 724 3916 non
772 3852 1079 3934 absolute,
1123 3872 1206 3920 ex
1251 3861 1429 3940 parte
1476 3856 1700 3921 saltem
1744 3856 1913 3921 clare
1957 3860 2022 3920 et
2070 3855 2366 3921 distincte
2409 3855 2829 3938 intelligendi,
2864 3858 2928 3919 et
2964 3872 3110 3916 con-

497 3948 839 4026 sequenter
905 3942 1239 4025 efficiendi,
1306 3949 1378 4008 ut
1444 3943 1523 4008 ab
1590 3943 1821 4009 iisdem
1892 3946 2108 4009 minus
2175 3946 2472 4028 patiatur.
2539 3942 2711 4010 Huic
2777 3944 2977 4026 igitur
3021 3942 3112 4005 rei

498 4033 821 4116 praecipue
889 4031 1098 4096 danda
1165 4037 1262 4097 est
1307 4051 1514 4118 opera,
1560 4039 1633 4098 ut
1679 4051 2212 4117 unumquemque
2255 4032 2572 4115 affectum,
2619 4036 2932 4115 quantum
2976 4029 3112 4095 fieri

497 4124 723 4204 potest,
775 4121 942 4185 clare
988 4125 1052 4185 et
1097 4120 1394 4187 distincte
1437 4141 1931 4207 cognoscamus3
1981 4127 2056 4186 ut
2102 4123 2194 4186 sic
2239 4120 2424 4186 Mens
2470 4140 2552 4186 ex
2600 4121 2830 4186 affectu
2877 4120 2957 4183 ad
3003 4120 3111 4184 illa

496 4210 905 4292 cogitandum
953 4209 1427 4293 determinetur,
1475 4230 1623 4295 quae
1669 4211 1837 4276 clare
1882 4215 1946 4276 et
1992 4212 2287 4276 distincte
2331 4210 2616 4295 percipit,
2661 4214 2722 4275 et
2764 4211 2833 4272 in
2875 4206 3110 4293 quibus

498 4297 684 4381 plane
752 4299 1133 4382 acquiescit;
1207 4304 1400 4384 atque
1468 4300 1644 4381 adeO,
1712 4305 1783 4364 ut
1853 4301 1991 4384 ipse
2057 4299 2320 4364 affectus
2372 4305 2426 4363 'a
2471 4300 2853 4383 cogitatione
2898 4316 3108 4361 causae

496 4391 782 4451 externae
849 4392 1195 4470 separetur,
1260 4395 1324 4453 et
1384 4390 1551 4454 veris
1606 4390 1919 4473 jungatur
1979 4386 2503 4470 cogitationibus3
2555 4407 2637 4453 ex
2687 4405 2816 4471 quo
2862 4385 2990 4468 fiet,
3036 4390 3110 4449 ut

495 4494 627 4539 non
697 4480 945 4540 tantum
1007 4476 1225 4560 Amor,
1272 4474 1526 4559 Odium,
1572 4482 1688 4542 etc.
1736 4478 2149 4542 destruantur
2191 4481 2328 4561 (per
2373 4474 2568 4560 Prop.
2614 4476 2674 4540 2.
2721 4475 2953 4559 hujus),
2998 4474 3109 4538 sed

497 4570 570 4628 ut
639 4566 825 4629 etiam
896 4566 1213 4650 appetitus
1281 4585 1396 4632 seu
1466 4561 1877 4652 cupiditates,
1935 4585 2079 4650 quae
2125 4584 2207 4631 ex
2252 4565 2364 4629 tali
2410 4565 2641 4631 affectu
2687 4566 2841 4629 oriri
2886 4564 3109 4645 solent,

560 4870 615 4936 1)
653 4870 910 4938 Schmidt,
946 4872 1170 4923 Bruder.
1203 4899 1269 4911 —
1304 4872 1400 4923 Ed.
1432 4872 1550 4924 Pr.:
1587 4871 1668 4927 22.
