3609 5642
468 488 591 551 166
1494 507 1741 555 mons
1783 509 1940 555 uns
1983 510 2045 554 v.

464 674 595 738 sint
660 691 924 757 semper.
991 672 1109 738 Ex.
1155 694 1249 757 gr.
1297 677 1463 739 inter
1506 677 1658 740 vitae
1702 675 2000 760 dogmata
2043 676 2377 759 posuimus
2424 675 2584 758 (vide
2629 675 2815 758 Prop.
2868 674 2971 736 46.
3007 693 3080 757 p.

465 763 523 825 4.
569 781 712 826 cum
755 762 1029 844 ejusdem
1074 759 1312 846 SchoL),
1379 762 1612 829 Odium
1683 765 1922 830 Amore
1989 783 2104 830 seu
2176 763 2614 830 Generositate
2673 763 3081 843 vincendum,

463 870 593 914 non
661 856 875 916 autem
942 852 1267 936 reciproco
1337 851 1499 916 Odio
1567 853 2127 939 compensandum.
2199 852 2286 917 Ut
2354 859 2567 918 autem
2628 852 2746 916 hoc
2791 850 3082 915 Rationis

462 940 904 1025 praescriptum
974 959 1223 1024 semper
1287 941 1357 1004 in
1423 947 1721 1026 promptu
1766 942 2134 1024 habeamus,
2181 941 2295 1007 ubi
2342 962 2502 1008 usus
2549 943 2687 1024 erit,
2730 940 3080 1025 cogitandae

465 1033 527 1094 et
586 1047 758 1114 saepe
805 1029 1185 1093 meditandae
1231 1035 1384 1094 sunt
1428 1050 1803 1097 communes
1850 1032 2182 1096 hominum
2228 1033 2499 1115 injuriae,
2544 1036 2606 1096 et
2651 1028 2969 1114 quomodo
3015 1035 3079 1093 et

367 1131 380 1137 “
464 1136 593 1201 qua
638 1120 742 1181 via
789 1117 1225 1183 Generositate
1270 1120 1507 1203 optime
1551 1121 2044 1204 propulsentur;
2091 1122 2186 1185 sic
2234 1123 2403 1184 enim
2443 1121 2788 1203 imaginem
2826 1118 3081 1200 injuriae

462 1208 903 1290 imaginationi
971 1208 1165 1289 hujus
1211 1208 1524 1291 dogmatis
1562 1210 1930 1292 JungemuS,
1977 1216 2039 1275 et
2083 1207 2270 1273 nobis
2315 1212 2449 1293 (per
2495 1207 2690 1292 Prop.
2736 1207 2839 1270 18.
2879 1227 2944 1291 p.
2991 1206 3079 1284 2.)

463 1296 533 1358 in
577 1302 876 1380 promptu
925 1314 1175 1380 semper
1220 1299 1358 1379 erit,
1403 1295 1515 1361 ubi
1561 1297 1747 1362 nobis
1795 1299 2034 1382 injuria
2078 1298 2393 1362 afferetur.
2441 1296 2629 1373 Quod
2675 1298 2730 1361 si
2775 1298 2962 1361 etiam
3009 1296 3079 1357 in

463 1389 763 1469 promptu
834 1384 1247 1449 habuerimus
1306 1387 1617 1451 rationem
1663 1390 1866 1451 nostri
1911 1389 2047 1452 veri
2092 1387 2290 1467 utilis,
2332 1406 2407 1451 ac
2453 1388 2642 1451 etiam
2688 1384 2860 1467 boni,
2906 1384 3082 1468 quod

465 1492 548 1538 ex
618 1478 842 1538 mutua
907 1474 1190 1538 amicitia
1257 1478 1320 1539 et
1363 1478 1695 1539 communi
1740 1476 2039 1541 societate
2084 1477 2399 1559 sequitur,
2446 1481 2508 1541 et
2552 1478 2861 1559 praeterea
2907 1473 3082 1556 quod

465 1581 549 1627 ex
591 1567 763 1627 recta
808 1562 1066 1628 vivendi
1112 1564 1357 1628 ratione
1404 1583 1658 1629 summa
1701 1564 1902 1628 animi
1945 1566 2417 1649 acquiescentia
2455 1564 2696 1628 oriatur
2732 1568 2870 1647 (per
2891 1561 3081 1645 Prop.

469 1650 571 1714 52.
603 1671 672 1735 p.
717 1651 821 1733 4.),
880 1657 942 1716 et
1003 1652 1177 1735 quod
1221 1653 1533 1734 homines,
1579 1659 1650 1717 ut
1693 1654 1960 1737 reliqua,
2005 1673 2086 1719 ex
2135 1658 2384 1718 naturae
2428 1654 2807 1718 necessitate
2852 1656 3078 1735 agant:

466 1745 605 1804 tum
651 1741 906 1823 injuria,
952 1741 1089 1806 sive
1134 1739 1390 1822 Odium,
1437 1741 1611 1825 quod
1657 1761 1739 1807 ex
1785 1742 2006 1808 eadem
2056 1743 2210 1807 oriri
2257 1744 2436 1824 solet,
2481 1743 2812 1806 minimam
2859 1741 3084 1824 imagi·

467 1829 746 1894 nationis
812 1832 1055 1915 partem
1123 1828 1477 1914 occupabit,
1543 1836 1605 1896 et
1668 1830 1855 1897 facile
1900 1831 2341 1916 superabitur;
2389 1831 2493 1896 vel
2537 1832 2593 1895 si
2637 1830 2760 1913 Ira,
2807 1849 2953 1913 quae
2998 1847 3083 1893 ex

471 1919 769 1983 maximis
835 1918 1090 2000 injuriis
1156 1920 1309 1983 oriri
1376 1921 1556 2002 solet,
1622 1939 1753 1984 non
1822 1920 1980 1986 adeo
2044 1920 2231 1986 facile
2276 1925 2632 2004 superetur,
2675 1917 3084 2003 superabitur

468 2011 702 2089 tamen,
768 2008 1066 2090 quamvis
1131 2026 1263 2071 non
1331 2009 1471 2073 sine
1538 2009 1734 2073 animi
1776 2008 2214 2091 fluctuatione,
2257 2009 2446 2093 longe
2490 2009 2734 2074 minore
2779 2007 3084 2091 temporis

469 2097 692 2179 spatio,
759 2115 954 2179 quam
1024 2096 1080 2160 si
1147 2097 1283 2161 haec
1349 2116 1478 2161 non
1541 2099 1630 2162 ita
1674 2098 2109 2182 praemeditata
2152 2097 2620 2179 habuissemu8‚
2663 2101 2738 2162 ut
2781 2101 2955 2181 patet
3001 2113 3085 2159 ex

468 2184 909 2269 Propositione
977 2184 1039 2267 6,
1108 2185 1167 2268 7,
1233 2190 1295 2251 et
1363 2187 1404 2249 8
1473 2187 1667 2270 hujus
1736 2187 1966 2253 Partis.
2033 2185 2132 2253 De
2195 2188 2623 2252 Animositate
2689 2186 2768 2250 ad
2838 2184 3082 2250 Motum

471 2272 918 2358 deponendum
987 2272 1210 2338 eodem
1269 2274 1458 2339 modo
1516 2276 1927 2360 cogitandum
1975 2281 2098 2356 est3
2168 2276 2601 2341 enumeranda
2645 2275 2889 2339 scilicet
2933 2281 3087 2338 sunt

470 2367 532 2427 et
597 2380 764 2446 saepe
807 2363 1216 2445 imaginanda
1260 2365 1625 2430 communia
1672 2365 1820 2429 vitae
1865 2366 2166 2451 pericula,
2211 2371 2275 2429 et
2320 2364 2640 2449 quomodo
2685 2365 2884 2428 animi
2927 2382 3086 2447 prae-

473 2453 679 2516 sentia
722 2456 785 2516 et
824 2451 1203 2517 fortitudine
1246 2455 1485 2535 optime
1527 2454 1719 2518 vitari
1764 2459 1827 2519 et
1872 2455 2161 2537 superari
2205 2459 2493 2537 possunt.
2541 2453 2667 2518 Sed
2711 2453 3087 2533 notandum,

472 2539 643 2624 quod
711 2540 899 2605 nobis
945 2542 1013 2603 in
1059 2541 1430 2606 ordinandis
1474 2541 1713 2607 nostris
1757 2542 2251 2627 cogitationibus
2297 2548 2360 2608 et
2401 2540 2792 2627 imaginibus
2839 2559 3089 2625 semper

473 2627 929 2695 attendendum
998 2632 1097 2695 est
1161 2636 1299 2714 (per
1360 2628 1578 2695 Coroll.
1641 2630 1830 2712 Prop.
1879 2632 1981 2695 63.
2023 2650 2086 2713 p.
2135 2631 2194 2696 4.
2253 2635 2314 2696 ct
2357 2631 2549 2711 Prop.
2597 2631 2701 2695 59.
2743 2651 2806 2714 p.
2854 2630 2936 2710 3.)
3005 2628 3086 2693 ad

468 2717 595 2800 illa,
664 2737 808 2801 quae
875 2719 943 2780 in
1011 2737 1402 2802 unaquaque
1468 2737 1538 2784 re
1605 2718 1772 2785 bona
1842 2725 2013 2804 sunt,
2082 2726 2155 2785 ut
2221 2722 2316 2786 sic
2383 2739 2635 2804 semper
2694 2738 2778 2784 ex
2821 2717 3087 2783 Laetitiae

471 2806 700 2871 affectu
766 2806 847 2870 ad
915 2808 1232 2890 agendum
1302 2806 1819 2874 determinemur.
1886 2809 2009 2873 Ex.
2077 2829 2171 2894 gr.
2233 2811 2289 2874 si
2351 2811 2498 2893 quis
2542 2808 2734 2890 videt,
2779 2826 2849 2872 se
2894 2809 3088 2871 nimis

472 2896 753 2959 Gloriam
802 2896 1049 2977 sectari,
1092 2895 1172 2960 de
1218 2896 1357 2978 ejus
1402 2902 1576 2961 recto
1623 2917 1749 2962 usu
1796 2901 2049 2983 cogitet,
2093 2904 2157 2964 et
2198 2898 2269 2961 in
2317 2916 2507 2982 quem
2553 2896 2746 2961 finem
2787 2895 3088 2961 sectanda

473 2985 574 3065 sit,
639 2988 702 3048 et
770 2983 1008 3068 quibus
1073 2984 1299 3050 mediis
1366 2988 1615 3069 acquiri
1679 2990 1917 3071 possit3
1989 2986 2102 3052 sed
2172 3007 2300 3051 non
2362 2988 2440 3051 de
2500 2987 2706 3070 ipsius
2752 2985 2981 3066 abusu,
3026 2990 3088 3049 et

470 3072 767 3152 vanitate,
835 3079 897 3138 et
961 3073 1296 3139 hominum
1360 3074 1808 3159 inconstantia,
1875 3077 1981 3141 vel
2047 3076 2190 3140 aliis
2257 3072 2648 3159 hujusmodi,
2709 3076 2789 3140 de
2851 3073 3088 3159 quibus

472 3179 679 3243 neme,
744 3162 871 3226 nisi
936 3180 1019 3226 ex
1088 3164 1285 3226 animi
1332 3164 1731 3248 aegritudine,
1776 3166 2042 3250 cogitat3
2089 3163 2326 3229 talibus
2373 3167 2543 3230 enim
2590 3162 3088 3248 cogitationibus

472 3251 751 3315 maxime
796 3249 1115 3317 ambitiosi
1160 3269 1230 3316 se
1276 3254 1556 3318 maxime
1602 3253 1928 3337 afflictant,
1974 3253 2232 3339 quando
2281 3255 2359 3319 de
2404 3253 2808 3337 assequendo
2833 3254 3090 3336 honore,

474 3358 666 3423 quem
734 3339 1044 3423 ambiunt,
1110 3339 1480 3424 desperant;
1523 3343 1629 3423 'et,
1696 3342 1853 3407 dum
1913 3342 2084 3407 Iram
2148 3348 2472 3425 evomunt,
2519 3343 2839 3426 sapientes
2885 3342 3091 3406 videri

473 3430 719 3493 volunt.
784 3427 994 3505 Quare
1062 3435 1309 3494 certum
1377 3436 1490 3514 est,
1559 3449 1668 3496 eos
1733 3432 1956 3516 gloriae
2006 3434 2284 3496 maxime
2330 3450 2470 3496 esse
2516 3432 2803 3515 cupidos,
2849 3431 2963 3514 qui
3009 3429 3088 3495 de

471 3519 677 3603 ipsius
743 3518 951 3584 abusu
1020 3523 1083 3583 et
1126 3517 1356 3583 mundi
1401 3519 1679 3585 vanitate
1723 3524 2006 3586 maxime
2051 3521 2343 3584 clamant.
2388 3519 2524 3586 Nec
2569 3521 2690 3584 hoc
2734 3519 3087 3584 ambitiosis

475 3608 822 3693 proprium,
889 3606 1003 3673 sed
1060 3606 1360 3672 omnibus
1420 3627 1762 3674 commune
1806 3615 1922 3693 est,
1970 3608 2208 3695 quibus
2249 3608 2510 3674 fortuna
2556 3613 2653 3674 est
2697 3608 2981 3690 adversa,
3029 3613 3092 3673 et

477 3698 690 3761 animo
748 3698 1128 3780 impotentes
1189 3702 1360 3761 sunt.
1404 3695 1570 3762 Nam
1615 3717 1858 3783 pauper
1901 3700 2092 3765 etiam
2135 3717 2370 3764 avarus
2415 3699 2494 3764 de
2540 3697 2750 3763 abusu
2795 3698 3089 3781 pecuniae

478 3790 540 3850 et
608 3785 879 3850 divitum
945 3785 1120 3849 vitiis
1188 3803 1316 3850 non
1389 3792 1595 3851 cessat
1653 3787 1869 3873 loqui3
1918 3807 2047 3874 quo
2093 3787 2254 3851 nihil
2300 3787 2477 3852 aliud
2522 3786 2734 3869 efficit,
2780 3806 2971 3870 quam
3023 3805 3092 3851 se

477 3872 797 3955 afflictare,
866 3877 928 3938 et
993 3874 1135 3938 aliis
1204 3875 1555 3957 ostendere,
1622 3895 1690 3941 se
1760 3896 1890 3940 non
1950 3881 2200 3941 tantum
2244 3880 2684 3962 paupertatem
2732 3895 2935 3955 suam,
2981 3875 3091 3940 sed

478 3963 668 4027 etiam
736 3962 1010 4027 aliorum
1077 3962 1334 4027 divitias
1399 3964 1626 4048 iniquo
1693 3967 1905 4029 animo
1971 3965 2151 4030 ferre.
2223 3964 2328 4029 Sic
2388 3967 2595 4048 etiam,
2643 3965 2759 4048 qui
2802 3965 2968 4029 male
3012 3964 3092 4029 ab

481 4052 719 4115 amasia
765 4052 1015 4136 excepti
1058 4056 1230 4135 sunt,
1275 4051 1437 4115 nihil
1480 4055 1777 4137 cogitant,
1825 4074 2018 4138 quam
2065 4054 2144 4119 de
2189 4055 2531 4119 mulierum
2578 4054 3008 4118 inconstantia
3032 4060 3096 4118 et

478 4139 688 4204 fallaci
768 4142 1000 4223 animo,
1080 4145 1144 4206 et
1210 4141 1478 4224 reliquis
1546 4143 1895 4208 earundem
1966 4143 2316 4208 decantatis
2384 4143 2590 4221 vitiis3
2664 4161 2812 4226 quae
2881 4143 3095 4206 omnia

482 4231 695 4294 statim
765 4228 1069 4293 oblivioni
1136 4230 1416 4313 tradunt,
1483 4230 1752 4296 simulac
1815 4231 1894 4296 ab
1940 4234 2182 4297 amasia
2226 4234 2459 4296 iterum
2504 4232 2919 4316 recipiuntur.
2968 4229 3095 4307 Qui

479 4319 700 4403 itaque
768 4338 921 4383 suos
989 4317 1251 4383 affectus
1320 4323 1383 4384 et
1448 4321 1764 4405 appetitus
1824 4339 1908 4386 ex
1955 4322 2089 4385 solo
2136 4319 2474 4386 Libertatis
2520 4339 2737 4386 amore
2783 4320 3096 4385 moderari

485 4407 715 4488 studet,
781 4408 838 4471 is
909 4412 1221 4491 quantum
1265 4412 1473 4491 potest
1518 4411 1775 4493 nitetur,
1821 4411 2092 4475 virtutes
2139 4428 2495 4494 earumque
2541 4428 2768 4474 causas
2815 4427 3098 4492 noscere,

485 4501 548 4562 et
614 4496 897 4559 animum
963 4496 1217 4579 gaudio,
1286 4498 1454 4581 quod
1526 4517 1609 4562 ex
1654 4516 1875 4563 earum
1920 4518 2071 4563 vera
2116 4500 2479 4584 cognitione
2524 4500 2748 4580 oritur,
2792 4498 3093 4581 implere;

484 4590 549 4649 at
639 4586 900 4649 minime
979 4586 1313 4649 hominum
1381 4588 1538 4650 vitia
1605 4589 2037 4672 contemplari,
2105 4587 2525 4673 hominesque
2590 4587 2956 4668 obtrectare,
3035 4592 3098 4652 et

483 4674 642 4739 falsa
708 4673 1016 4739 libertatis
1078 4676 1288 4758 specie
1328 4676 1622 4758 gaudere.
1668 4677 1887 4761 Atque
1930 4678 2069 4741 haec
2116 4678 2229 4762 qui
2276 4677 2615 4760 diligenter
2658 4675 3020 4741 observabit
3048 4674 3097 4754 1)

550 4868 605 4934 1)
641 4868 853 4921 Saisset.
886 4898 951 4908 --
985 4869 1078 4922 Ed.
1112 4869 1229 4922 Pr.:
1261 4868 1569 4924 observavit.
