<?xml version="1.0" encoding="UTF-8"?>
<!DOCTYPE html PUBLIC "-//W3C//DTD XHTML 1.0 Transitional//EN"
    "http://www.w3.org/TR/xhtml1/DTD/xhtml1-transitional.dtd">
<html xmlns="http://www.w3.org/1999/xhtml" xml:lang="en" lang="en">
 <head>
  <title>
</title>
<meta http-equiv="Content-Type" content="text/html;charset=utf-8" />
  <meta name='ocr-system' content='tesseract 3.04.00' />
  <meta name='ocr-capabilities' content='ocr_page ocr_carea ocr_par ocr_line ocrx_word'/>
</head>
<body>
  <div class='ocr_page' id='page_1' title='image "./ethica00unkngoog_0143.png"; bbox 0 0 3609 5642; ppageno 0'>
   <div class='ocr_carea' id='block_1_1' title="bbox 1357 455 3047 556">
    <p class='ocr_par' dir='ltr' id='par_1_1' title="bbox 1357 455 3047 556">
     <span class='ocr_line' id='line_1_1' title="bbox 1357 455 3047 556; baseline -0.001 -1"><span class='ocrx_word' id='word_1_1' title='bbox 1357 510 1437 555; x_wconf 77' lang='lat' dir='ltr'>nn</span> <span class='ocrx_word' id='word_1_2' title='bbox 1481 509 1816 556; x_wconf 72' lang='lat' dir='ltr'>smwwm</span> <span class='ocrx_word' id='word_1_3' title='bbox 1858 509 2134 556; x_wconf 70' lang='lat' dir='ltr'>numm.</span> <span class='ocrx_word' id='word_1_4' title='bbox 2538 455 2547 465; x_wconf 36' lang='lat'><strong>·</strong></span> <span class='ocrx_word' id='word_1_5' title='bbox 2918 488 3047 553; x_wconf 85' lang='lat'>129</span> 
     </span>
    </p>
   </div>
   <div class='ocr_carea' id='block_1_2' title="bbox 1386 696 2097 743">
    <p class='ocr_par' dir='ltr' id='par_1_2' title="bbox 1386 696 2097 743">
     <span class='ocr_line' id='line_1_2' title="bbox 1386 696 2097 743; baseline -0.001 -1"><span class='ocrx_word' id='word_1_6' title='bbox 1386 696 2097 743; x_wconf 69' lang='lat' dir='ltr'>DRHONSTRA&#39;MO.</span> 
     </span>
    </p>
   </div>
   <div class='ocr_carea' id='block_1_3' title="bbox 421 777 3054 1574">
    <p class='ocr_par' dir='ltr' id='par_1_3' title="bbox 421 777 3054 1574">
     <span class='ocr_line' id='line_1_3' title="bbox 513 777 3047 863; baseline -0.001 -21"><span class='ocrx_word' id='word_1_7' title='bbox 513 778 883 843; x_wconf 86' lang='lat' dir='ltr'>Affectuum</span> <span class='ocrx_word' id='word_1_8' title='bbox 927 783 1156 844; x_wconf 88' lang='lat' dir='ltr'>natura</span> <span class='ocrx_word' id='word_1_9' title='bbox 1200 798 1316 845; x_wconf 92' lang='lat' dir='ltr'>seu</span> <span class='ocrx_word' id='word_1_10' title='bbox 1363 781 1638 845; x_wconf 81' lang='lat' dir='ltr'><strong>essentia</strong></span> <span class='ocrx_word' id='word_1_11' title='bbox 1682 798 1818 843; x_wconf 93' lang='lat' dir='ltr'>non</span> <span class='ocrx_word' id='word_1_12' title='bbox 1862 782 2071 862; x_wconf 90' lang='lat' dir='ltr'>potest</span> <span class='ocrx_word' id='word_1_13' title='bbox 2115 796 2229 863; x_wconf 89' lang='lat' dir='ltr'>per</span> <span class='ocrx_word' id='word_1_14' title='bbox 2273 777 2475 843; x_wconf 87' lang='lat' dir='ltr'>solam</span> <span class='ocrx_word' id='word_1_15' title='bbox 2514 780 2796 841; x_wconf 87' lang='lat' dir='ltr'>nostram</span> <span class='ocrx_word' id='word_1_16' title='bbox 2831 792 3047 840; x_wconf 90' lang='lat' dir='ltr'>essen·</span> 
     </span>
     <span class='ocr_line' id='line_1_4' title="bbox 421 864 3049 953; baseline -0.001 -22"><span class='ocrx_word' id='word_1_17' title='bbox 421 869 582 931; x_wconf 90' lang='lat' dir='ltr'>tiam</span> <span class='ocrx_word' id='word_1_18' title='bbox 652 886 765 933; x_wconf 92' lang='lat' dir='ltr'>seu</span> <span class='ocrx_word' id='word_1_19' title='bbox 835 872 1130 932; x_wconf 87' lang='lat' dir='ltr'>naturam</span> <span class='ocrx_word' id='word_1_20' title='bbox 1201 869 1509 953; x_wconf 86' lang='lat' dir='ltr'>explicari</span> <span class='ocrx_word' id='word_1_21' title='bbox 1569 870 1703 953; x_wconf 78' lang='lat' dir='ltr'>(per</span> <span class='ocrx_word' id='word_1_22' title='bbox 1746 865 1961 950; x_wconf 75' lang='lat' dir='ltr'>Defin.</span> <span class='ocrx_word' id='word_1_23' title='bbox 2009 867 2068 930; x_wconf 90' lang='lat'>1.</span> <span class='ocrx_word' id='word_1_24' title='bbox 2113 873 2171 932; x_wconf 80' lang='lat' dir='ltr'>et</span> <span class='ocrx_word' id='word_1_25' title='bbox 2215 866 2276 931; x_wconf 85' lang='lat'>2.</span> <span class='ocrx_word' id='word_1_26' title='bbox 2316 885 2378 950; x_wconf 98' lang='grc' dir='ltr'>Ρ.</span> <span class='ocrx_word' id='word_1_27' title='bbox 2425 866 2541 947; x_wconf 86' lang='lat'>3.);</span> <span class='ocrx_word' id='word_1_28' title='bbox 2589 864 2703 930; x_wconf 87' lang='lat' dir='ltr'>sed</span> <span class='ocrx_word' id='word_1_29' title='bbox 2746 865 3049 949; x_wconf 76' lang='lat' dir='ltr'>potentia,</span> 
     </span>
     <span class='ocr_line' id='line_1_5' title="bbox 421 954 3050 1041; baseline -0.001 -22"><span class='ocrx_word' id='word_1_30' title='bbox 421 956 547 1020; x_wconf 90' lang='lat' dir='ltr'>hoc</span> <span class='ocrx_word' id='word_1_31' title='bbox 592 961 689 1020; x_wconf 87' lang='lat' dir='ltr'>est</span> <span class='ocrx_word' id='word_1_32' title='bbox 734 960 873 1039; x_wconf 78' lang='lat' dir='ltr'>(per</span> <span class='ocrx_word' id='word_1_33' title='bbox 915 954 1112 1040; x_wconf 81' lang='lat' dir='ltr'>Prop.</span> <span class='ocrx_word' id='word_1_34' title='bbox 1159 956 1218 1021; x_wconf 89' lang='lat'>7.</span> <span class='ocrx_word' id='word_1_35' title='bbox 1260 975 1321 1041; x_wconf 90' lang='grc' dir='ltr'>Ρ.</span> <span class='ocrx_word' id='word_1_36' title='bbox 1370 958 1457 1035; x_wconf 90' lang='lat'>3.)</span> <span class='ocrx_word' id='word_1_37' title='bbox 1501 959 1751 1040; x_wconf 64' lang='lat' dir='ltr'>natura,</span> <span class='ocrx_word' id='word_1_38' title='bbox 1788 976 2133 1022; x_wconf 87' lang='lat' dir='ltr'>causarum</span> <span class='ocrx_word' id='word_1_39' title='bbox 2170 960 2605 1037; x_wconf 87' lang='lat' dir='ltr'>externarum,</span> <span class='ocrx_word' id='word_1_40' title='bbox 2644 972 2792 1018; x_wconf 91' lang='lat' dir='ltr'>cum</span> <span class='ocrx_word' id='word_1_41' title='bbox 2830 956 3050 1018; x_wconf 87' lang='lat' dir='ltr'>nostra</span> 
     </span>
     <span class='ocr_line' id='line_1_6' title="bbox 422 1044 3043 1129; baseline -0.001 -21"><span class='ocrx_word' id='word_1_42' title='bbox 422 1048 809 1129; x_wconf 69' lang='lat' dir='ltr'>comparata,</span> <span class='ocrx_word' id='word_1_43' title='bbox 869 1045 1120 1111; x_wconf 91' lang='lat' dir='ltr'>definiri</span> <span class='ocrx_word' id='word_1_44' title='bbox 1167 1045 1389 1128; x_wconf 83' lang='lat' dir='ltr'>debet3</span> <span class='ocrx_word' id='word_1_45' title='bbox 1439 1046 1610 1111; x_wconf 92' lang='lat' dir='ltr'>unde</span> <span class='ocrx_word' id='word_1_46' title='bbox 1654 1045 1745 1128; x_wconf 89' lang='lat' dir='ltr'>fit,</span> <span class='ocrx_word' id='word_1_47' title='bbox 1779 1051 1855 1110; x_wconf 91' lang='lat' dir='ltr'>ut</span> <span class='ocrx_word' id='word_1_48' title='bbox 1899 1046 2200 1128; x_wconf 90' lang='lat' dir='ltr'>uniuscuj</span> <span class='ocrx_word' id='word_1_49' title='bbox 2209 1062 2418 1128; x_wconf 91' lang='lat' dir='ltr'>usque</span> <span class='ocrx_word' id='word_1_50' title='bbox 2464 1044 2725 1109; x_wconf 87' lang='lat' dir='ltr'>affectus</span> <span class='ocrx_word' id='word_1_51' title='bbox 2770 1047 2865 1107; x_wconf 90' lang='lat' dir='ltr'>tot</span> <span class='ocrx_word' id='word_1_52' title='bbox 2908 1060 3043 1126; x_wconf 89' lang='lat' dir='ltr'>spe·</span> 
     </span>
     <span class='ocr_line' id='line_1_7' title="bbox 422 1129 3053 1219; baseline -0.001 -22"><span class='ocrx_word' id='word_1_53' title='bbox 422 1134 559 1198; x_wconf 91' lang='lat' dir='ltr'>cies</span> <span class='ocrx_word' id='word_1_54' title='bbox 627 1133 876 1217; x_wconf 89' lang='lat' dir='ltr'>dentur,</span> <span class='ocrx_word' id='word_1_55' title='bbox 944 1139 1102 1218; x_wconf 92' lang='lat' dir='ltr'>quot</span> <span class='ocrx_word' id='word_1_56' title='bbox 1172 1139 1328 1201; x_wconf 90' lang='lat' dir='ltr'>sunt</span> <span class='ocrx_word' id='word_1_57' title='bbox 1395 1136 1639 1219; x_wconf 90' lang='lat' dir='ltr'>species</span> <span class='ocrx_word' id='word_1_58' title='bbox 1700 1133 2114 1218; x_wconf 90' lang='lat' dir='ltr'>objectorum,</span> <span class='ocrx_word' id='word_1_59' title='bbox 2157 1154 2197 1198; x_wconf 88' lang='lat' dir='ltr'>a</span> <span class='ocrx_word' id='word_1_60' title='bbox 2240 1132 2480 1219; x_wconf 89' lang='lat' dir='ltr'>quibus</span> <span class='ocrx_word' id='word_1_61' title='bbox 2524 1132 2842 1197; x_wconf 88' lang='lat' dir='ltr'>afficimur</span> <span class='ocrx_word' id='word_1_62' title='bbox 2887 1129 3053 1213; x_wconf 80' lang='lat' dir='ltr'>(vide</span> 
     </span>
     <span class='ocr_line' id='line_1_8' title="bbox 421 1219 3052 1307; baseline 0 -22"><span class='ocrx_word' id='word_1_63' title='bbox 421 1220 621 1306; x_wconf 80' lang='lat' dir='ltr'>Prop.</span> <span class='ocrx_word' id='word_1_64' title='bbox 669 1222 772 1286; x_wconf 85' lang='lat'>56.</span> <span class='ocrx_word' id='word_1_65' title='bbox 817 1242 878 1307; x_wconf 91' lang='grc' dir='ltr'>Ρ.</span> <span class='ocrx_word' id='word_1_66' title='bbox 927 1223 1011 1307; x_wconf 93' lang='grc'>3.)</span> <span class='ocrx_word' id='word_1_67' title='bbox 1068 1228 1131 1290; x_wconf 92' lang='lat' dir='ltr'>et</span> <span class='ocrx_word' id='word_1_68' title='bbox 1174 1229 1246 1289; x_wconf 91' lang='lat' dir='ltr'>ut</span> <span class='ocrx_word' id='word_1_69' title='bbox 1291 1225 1585 1290; x_wconf 90' lang='lat' dir='ltr'>homines</span> <span class='ocrx_word' id='word_1_70' title='bbox 1630 1222 1710 1288; x_wconf 95' lang='lat' dir='ltr'>ab</span> <span class='ocrx_word' id='word_1_71' title='bbox 1757 1243 1891 1288; x_wconf 89' lang='lat' dir='ltr'>uno</span> <span class='ocrx_word' id='word_1_72' title='bbox 1935 1223 2288 1307; x_wconf 89' lang='lat' dir='ltr'>eodemque</span> <span class='ocrx_word' id='word_1_73' title='bbox 2333 1221 2577 1305; x_wconf 90' lang='lat' dir='ltr'>objecto</span> <span class='ocrx_word' id='word_1_74' title='bbox 2625 1219 3052 1286; x_wconf 81' lang='lat' dir='ltr'>diversimode</span> 
     </span>
     <span class='ocr_line' id='line_1_9' title="bbox 422 1310 3054 1398; baseline -0.001 -23"><span class='ocrx_word' id='word_1_75' title='bbox 422 1310 787 1376; x_wconf 90' lang='lat' dir='ltr'>afficiantur</span> <span class='ocrx_word' id='word_1_76' title='bbox 854 1311 1012 1393; x_wconf 75' lang='lat' dir='ltr'>(vide</span> <span class='ocrx_word' id='word_1_77' title='bbox 1053 1311 1249 1397; x_wconf 81' lang='lat' dir='ltr'>Prop.</span> <span class='ocrx_word' id='word_1_78' title='bbox 1299 1312 1402 1377; x_wconf 88' lang='lat'>51.</span> <span class='ocrx_word' id='word_1_79' title='bbox 1443 1332 1507 1397; x_wconf 95' lang='grc' dir='ltr'>Ρ.</span> <span class='ocrx_word' id='word_1_80' title='bbox 1554 1312 1658 1396; x_wconf 88' lang='grc'><strong>3.),</strong></span> <span class='ocrx_word' id='word_1_81' title='bbox 1721 1316 1916 1398; x_wconf 90' lang='lat' dir='ltr'>atque</span> <span class='ocrx_word' id='word_1_82' title='bbox 1960 1317 2227 1378; x_wconf 89' lang='lat' dir='ltr'>eatenus</span> <span class='ocrx_word' id='word_1_83' title='bbox 2273 1315 2504 1376; x_wconf 87' lang='lat' dir='ltr'>natura</span> <span class='ocrx_word' id='word_1_84' title='bbox 2550 1310 2942 1394; x_wconf 83' lang='lat' dir='ltr'>discrepent;</span> <span class='ocrx_word' id='word_1_85' title='bbox 2990 1313 3054 1373; x_wconf 92' lang='lat' dir='ltr'>et</span> 
     </span>
     <span class='ocr_line' id='line_1_10' title="bbox 424 1397 3050 1486; baseline -0.001 -23"><span class='ocrx_word' id='word_1_86' title='bbox 424 1401 704 1484; x_wconf 91' lang='lat' dir='ltr'>denique</span> <span class='ocrx_word' id='word_1_87' title='bbox 751 1405 826 1464; x_wconf 90' lang='lat' dir='ltr'>ut</span> <span class='ocrx_word' id='word_1_88' title='bbox 870 1421 1045 1467; x_wconf 91' lang='lat' dir='ltr'>unus</span> <span class='ocrx_word' id='word_1_89' title='bbox 1091 1402 1394 1486; x_wconf 82' lang='lat' dir='ltr'>idemque</span> <span class='ocrx_word' id='word_1_90' title='bbox 1437 1403 1627 1467; x_wconf 91' lang='lat' dir='ltr'>homo</span> <span class='ocrx_word' id='word_1_91' title='bbox 1672 1405 1809 1485; x_wconf 79' lang='lat' dir='ltr'>(per</span> <span class='ocrx_word' id='word_1_92' title='bbox 1844 1400 2105 1467; x_wconf 79' lang='lat' dir='ltr'>eandem</span> <span class='ocrx_word' id='word_1_93' title='bbox 2142 1399 2337 1484; x_wconf 81' lang='lat' dir='ltr'>Prop.</span> <span class='ocrx_word' id='word_1_94' title='bbox 2363 1399 2465 1464; x_wconf 89' lang='lat'>51.</span> <span class='ocrx_word' id='word_1_95' title='bbox 2485 1419 2548 1484; x_wconf 84' lang='lat' dir='ltr'>p.</span> <span class='ocrx_word' id='word_1_96' title='bbox 2574 1398 2659 1477; x_wconf 90' lang='lat'>3.)</span> <span class='ocrx_word' id='word_1_97' title='bbox 2696 1418 2847 1483; x_wconf 88' lang='lat' dir='ltr'>erga</span> <span class='ocrx_word' id='word_1_98' title='bbox 2882 1397 3050 1462; x_wconf 92' lang='lat' dir='ltr'>idem</span> 
     </span>
     <span class='ocr_line' id='line_1_11' title="bbox 424 1484 3053 1574; baseline -0.002 -21"><span class='ocrx_word' id='word_1_99' title='bbox 424 1488 751 1572; x_wconf 85' lang='lat' dir='ltr'>objectum</span> <span class='ocrx_word' id='word_1_100' title='bbox 797 1490 1223 1557; x_wconf 81' lang='lat' dir='ltr'>diversimode</span> <span class='ocrx_word' id='word_1_101' title='bbox 1267 1490 1600 1568; x_wconf 88' lang='lat' dir='ltr'>afficiatur,</span> <span class='ocrx_word' id='word_1_102' title='bbox 1647 1495 1841 1574; x_wconf 86' lang='lat' dir='ltr'>atque</span> <span class='ocrx_word' id='word_1_103' title='bbox 1886 1495 2153 1555; x_wconf 90' lang='lat' dir='ltr'>eatenus</span> <span class='ocrx_word' id='word_1_104' title='bbox 2200 1492 2417 1555; x_wconf 85' lang='lat' dir='ltr'>varius</span> <span class='ocrx_word' id='word_1_105' title='bbox 2463 1490 2566 1573; x_wconf 89' lang='lat' dir='ltr'>sit,</span> <span class='ocrx_word' id='word_1_106' title='bbox 2610 1492 2728 1554; x_wconf 89' lang='lat' dir='ltr'>etc.</span> <span class='ocrx_word' id='word_1_107' title='bbox 2773 1486 2841 1567; x_wconf 81' lang='lat' dir='ltr'>Q.</span> <span class='ocrx_word' id='word_1_108' title='bbox 2864 1485 2945 1553; x_wconf 88' lang='grc' dir='ltr'>Ε.</span> <span class='ocrx_word' id='word_1_109' title='bbox 2968 1484 3053 1551; x_wconf 89' lang='lat' dir='ltr'>D.</span> 
     </span>
    </p>
   </div>
   <div class='ocr_carea' id='block_1_4' title="bbox 1190 1648 2299 1716">
    <p class='ocr_par' dir='ltr' id='par_1_4' title="bbox 1190 1648 2299 1716">
     <span class='ocr_line' id='line_1_12' title="bbox 1190 1648 2299 1716; baseline -0.001 0"><span class='ocrx_word' id='word_1_110' title='bbox 1190 1648 1890 1716; x_wconf 82' lang='lat' dir='ltr'>PROPOSITIO</span> <span class='ocrx_word' id='word_1_111' title='bbox 1979 1650 2299 1716; x_wconf 88' lang='lat' dir='ltr'>XXXIV.</span> 
     </span>
    </p>
   </div>
   <div class='ocr_carea' id='block_1_5' title="bbox 425 1773 3061 3119">
    <p class='ocr_par' dir='ltr' id='par_1_5' title="bbox 520 1773 3056 1862">
     <span class='ocr_line' id='line_1_13' title="bbox 520 1773 3056 1862; baseline -0.002 -21"><span class='ocrx_word' id='word_1_112' title='bbox 520 1773 843 1856; x_wconf 76' lang='lat' dir='ltr'>Quatenus</span> <span class='ocrx_word' id='word_1_113' title='bbox 886 1773 1163 1841; x_wconf 77' lang='lat' dir='ltr'>homines</span> <span class='ocrx_word' id='word_1_114' title='bbox 1206 1774 1543 1862; x_wconf 78' lang='lat' dir='ltr'>affectibus,</span> <span class='ocrx_word' id='word_1_115' title='bbox 1586 1777 1698 1859; x_wconf 77' lang='lat' dir='ltr'>qui</span> <span class='ocrx_word' id='word_1_116' title='bbox 1725 1777 2062 1862; x_wconf 73' lang='lat' dir='ltr'><strong><em>passiones</em></strong></span> <span class='ocrx_word' id='word_1_117' title='bbox 2097 1781 2265 1861; x_wconf 80' lang='lat' dir='ltr'>sunt,</span> <span class='ocrx_word' id='word_1_118' title='bbox 2299 1774 2752 1859; x_wconf 73' lang='lat' dir='ltr'>conflictantur,</span> <span class='ocrx_word' id='word_1_119' title='bbox 2786 1779 3056 1855; x_wconf 79' lang='lat' dir='ltr'><strong><em>possunt</em></strong></span> 
     </span>
    </p>

    <p class='ocr_par' dir='ltr' id='par_1_6' title="bbox 429 1864 2099 2021">
     <span class='ocr_line' id='line_1_14' title="bbox 429 1864 1225 1931; baseline 0.004 -5"><span class='ocrx_word' id='word_1_120' title='bbox 429 1864 691 1929; x_wconf 80' lang='lat' dir='ltr'>invicem</span> <span class='ocrx_word' id='word_1_121' title='bbox 735 1884 863 1930; x_wconf 79' lang='lat' dir='ltr'>esse</span> <span class='ocrx_word' id='word_1_122' title='bbox 904 1865 1225 1931; x_wconf 74' lang='lat' dir='ltr'>contrarii.</span> 
     </span>
     <span class='ocr_line' id='line_1_15' title="bbox 1379 1973 2099 2021; baseline -0.001 -2"><span class='ocrx_word' id='word_1_123' title='bbox 1379 1973 2099 2021; x_wconf 56' lang='lat' dir='ltr'>nnnonsrnnr1a</span> 
     </span>
    </p>

    <p class='ocr_par' dir='ltr' id='par_1_7' title="bbox 425 2051 3061 3119">
     <span class='ocr_line' id='line_1_16' title="bbox 514 2051 3058 2139; baseline 0 -23"><span class='ocrx_word' id='word_1_124' title='bbox 514 2051 728 2118; x_wconf 89' lang='lat' dir='ltr'>Homo</span> <span class='ocrx_word' id='word_1_125' title='bbox 777 2073 878 2120; x_wconf 78' lang='lat' dir='ltr'>ex,</span> <span class='ocrx_word' id='word_1_126' title='bbox 920 2075 1014 2139; x_wconf 86' lang='lat' dir='ltr'>gr.</span> <span class='ocrx_word' id='word_1_127' title='bbox 1062 2055 1295 2121; x_wconf 89' lang='lat' dir='ltr'>Petrus</span> <span class='ocrx_word' id='word_1_128' title='bbox 1340 2060 1548 2139; x_wconf 84' lang='lat' dir='ltr'>potest</span> <span class='ocrx_word' id='word_1_129' title='bbox 1593 2075 1735 2123; x_wconf 90' lang='lat' dir='ltr'>esse</span> <span class='ocrx_word' id='word_1_130' title='bbox 1780 2076 1994 2139; x_wconf 88' lang='lat' dir='ltr'>causa,</span> <span class='ocrx_word' id='word_1_131' title='bbox 2036 2061 2109 2121; x_wconf 94' lang='lat' dir='ltr'>ut</span> <span class='ocrx_word' id='word_1_132' title='bbox 2147 2054 2394 2120; x_wconf 89' lang='lat' dir='ltr'>Paulus</span> <span class='ocrx_word' id='word_1_133' title='bbox 2419 2054 2849 2136; x_wconf 81' lang='lat' dir='ltr'>contristetur,</span> <span class='ocrx_word' id='word_1_134' title='bbox 2871 2071 3058 2136; x_wconf 89' lang='lat' dir='ltr'>prop-</span> 
     </span>
     <span class='ocr_line' id='line_1_17' title="bbox 429 2140 3060 2230; baseline -0 -23"><span class='ocrx_word' id='word_1_135' title='bbox 429 2146 605 2208; x_wconf 88' lang='lat' dir='ltr'>terea</span> <span class='ocrx_word' id='word_1_136' title='bbox 664 2144 836 2227; x_wconf 91' lang='lat' dir='ltr'>quod</span> <span class='ocrx_word' id='word_1_137' title='bbox 884 2144 1127 2229; x_wconf 90' lang='lat' dir='ltr'>aliquid</span> <span class='ocrx_word' id='word_1_138' title='bbox 1175 2144 1364 2210; x_wconf 89' lang='lat' dir='ltr'>habet</span> <span class='ocrx_word' id='word_1_139' title='bbox 1409 2146 1618 2212; x_wconf 90' lang='lat' dir='ltr'>simile</span> <span class='ocrx_word' id='word_1_140' title='bbox 1662 2147 1773 2228; x_wconf 90' lang='lat' dir='ltr'>rei,</span> <span class='ocrx_word' id='word_1_141' title='bbox 1821 2166 2015 2230; x_wconf 89' lang='lat' dir='ltr'>quam</span> <span class='ocrx_word' id='word_1_142' title='bbox 2060 2145 2308 2210; x_wconf 88' lang='lat' dir='ltr'>Paulus</span> <span class='ocrx_word' id='word_1_143' title='bbox 2354 2144 2490 2209; x_wconf 87' lang='lat' dir='ltr'>odit</span> <span class='ocrx_word' id='word_1_144' title='bbox 2529 2149 2667 2227; x_wconf 80' lang='lat' dir='ltr'>(per</span> <span class='ocrx_word' id='word_1_145' title='bbox 2711 2140 2908 2226; x_wconf 81' lang='lat' dir='ltr'>Prop.</span> <span class='ocrx_word' id='word_1_146' title='bbox 2954 2140 3060 2206; x_wconf 87' lang='lat'>16.</span> 
     </span>
     <span class='ocr_line' id='line_1_18' title="bbox 429 2231 3061 2318; baseline 0 -24"><span class='ocrx_word' id='word_1_147' title='bbox 429 2251 494 2316; x_wconf 91' lang='grc' dir='ltr'>Ρ.</span> <span class='ocrx_word' id='word_1_148' title='bbox 540 2231 662 2313; x_wconf 86' lang='lat'>3.);</span> <span class='ocrx_word' id='word_1_149' title='bbox 728 2234 830 2298; x_wconf 86' lang='lat' dir='ltr'>vel</span> <span class='ocrx_word' id='word_1_150' title='bbox 888 2238 1222 2318; x_wconf 89' lang='lat' dir='ltr'>propterea</span> <span class='ocrx_word' id='word_1_151' title='bbox 1272 2235 1447 2318; x_wconf 91' lang='lat' dir='ltr'>quod</span> <span class='ocrx_word' id='word_1_152' title='bbox 1495 2233 1727 2301; x_wconf 89' lang='lat' dir='ltr'>Petrus</span> <span class='ocrx_word' id='word_1_153' title='bbox 1772 2235 1951 2300; x_wconf 91' lang='lat' dir='ltr'>solus</span> <span class='ocrx_word' id='word_1_154' title='bbox 1996 2253 2067 2300; x_wconf 89' lang='lat' dir='ltr'>re</span> <span class='ocrx_word' id='word_1_155' title='bbox 2113 2235 2329 2318; x_wconf 92' lang='lat' dir='ltr'>aliqua</span> <span class='ocrx_word' id='word_1_156' title='bbox 2374 2235 2637 2318; x_wconf 88' lang='lat' dir='ltr'>potitur,</span> <span class='ocrx_word' id='word_1_157' title='bbox 2681 2251 2876 2316; x_wconf 91' lang='lat' dir='ltr'>quam</span> <span class='ocrx_word' id='word_1_158' title='bbox 2921 2232 3061 2315; x_wconf 89' lang='lat' dir='ltr'>ipse</span> 
     </span>
     <span class='ocr_line' id='line_1_19' title="bbox 432 2319 3059 2409; baseline -0.001 -24"><span class='ocrx_word' id='word_1_159' title='bbox 432 2320 681 2386; x_wconf 90' lang='lat' dir='ltr'>Paulus</span> <span class='ocrx_word' id='word_1_160' title='bbox 742 2324 932 2387; x_wconf 88' lang='lat' dir='ltr'>etiam</span> <span class='ocrx_word' id='word_1_161' title='bbox 993 2328 1163 2387; x_wconf 88' lang='lat' dir='ltr'>amat</span> <span class='ocrx_word' id='word_1_162' title='bbox 1219 2323 1383 2403; x_wconf 80' lang='lat' dir='ltr'>(vide</span> <span class='ocrx_word' id='word_1_163' title='bbox 1425 2322 1618 2408; x_wconf 80' lang='lat' dir='ltr'>Prop.</span> <span class='ocrx_word' id='word_1_164' title='bbox 1666 2323 1769 2387; x_wconf 83' lang='lat'>32.</span> <span class='ocrx_word' id='word_1_165' title='bbox 1813 2343 1875 2409; x_wconf 90' lang='grc' dir='ltr'>Ρ.</span> <span class='ocrx_word' id='word_1_166' title='bbox 1923 2324 1986 2390; x_wconf 94' lang='grc'>3.</span> <span class='ocrx_word' id='word_1_167' title='bbox 2033 2342 2176 2388; x_wconf 79' lang='lat' dir='ltr'>cum</span> <span class='ocrx_word' id='word_1_168' title='bbox 2218 2322 2495 2406; x_wconf 73' lang='lat' dir='ltr'>ejusdem</span> <span class='ocrx_word' id='word_1_169' title='bbox 2541 2319 2781 2403; x_wconf 60' lang='lat' dir='ltr'>schot),</span> <span class='ocrx_word' id='word_1_170' title='bbox 2827 2320 2931 2386; x_wconf 82' lang='lat' dir='ltr'>vel</span> <span class='ocrx_word' id='word_1_171' title='bbox 2977 2320 3059 2384; x_wconf 92' lang='lat' dir='ltr'>ob</span> 
     </span>
     <span class='ocr_line' id='line_1_20' title="bbox 430 2410 3060 2496; baseline -0 -22"><span class='ocrx_word' id='word_1_172' title='bbox 430 2411 589 2475; x_wconf 87' lang='lat' dir='ltr'>alias</span> <span class='ocrx_word' id='word_1_173' title='bbox 658 2429 885 2476; x_wconf 88' lang='lat' dir='ltr'>causas</span> <span class='ocrx_word' id='word_1_174' title='bbox 946 2410 1195 2493; x_wconf 77' lang='lat' dir='ltr'>(harum</span> <span class='ocrx_word' id='word_1_175' title='bbox 1254 2412 1615 2496; x_wconf 68' lang='lat' dir='ltr'>praecipuas</span> <span class='ocrx_word' id='word_1_176' title='bbox 1656 2412 1795 2477; x_wconf 79' lang='lat' dir='ltr'>vide</span> <span class='ocrx_word' id='word_1_177' title='bbox 1840 2415 1913 2477; x_wconf 75' lang='lat' dir='ltr'>in</span> <span class='ocrx_word' id='word_1_178' title='bbox 1959 2412 2152 2479; x_wconf 76' lang='lat' dir='ltr'>Schol.</span> <span class='ocrx_word' id='word_1_179' title='bbox 2200 2411 2397 2496; x_wconf 82' lang='lat' dir='ltr'>Prop.</span> <span class='ocrx_word' id='word_1_180' title='bbox 2444 2412 2546 2475; x_wconf 84' lang='lat'>55.</span> <span class='ocrx_word' id='word_1_181' title='bbox 2589 2430 2651 2495; x_wconf 91' lang='grc' dir='ltr'>Ρ.</span> <span class='ocrx_word' id='word_1_182' title='bbox 2700 2410 2815 2490; x_wconf 84' lang='grc'><strong>3.);</strong></span> <span class='ocrx_word' id='word_1_183' title='bbox 2865 2413 3060 2494; x_wconf 86' lang='lat' dir='ltr'>atque</span> 
     </span>
     <span class='ocr_line' id='line_1_21' title="bbox 425 2497 3054 2585; baseline 0 -23"><span class='ocrx_word' id='word_1_184' title='bbox 425 2499 586 2565; x_wconf 88' lang='lat' dir='ltr'>adeo</span> <span class='ocrx_word' id='word_1_185' title='bbox 639 2500 792 2564; x_wconf 92' lang='lat' dir='ltr'>inde</span> <span class='ocrx_word' id='word_1_186' title='bbox 837 2499 947 2566; x_wconf 90' lang='lat' dir='ltr'>fiet</span> <span class='ocrx_word' id='word_1_187' title='bbox 991 2504 1126 2585; x_wconf 79' lang='lat' dir='ltr'>(per</span> <span class='ocrx_word' id='word_1_188' title='bbox 1171 2499 1383 2582; x_wconf 79' lang='lat' dir='ltr'>Defin.</span> <span class='ocrx_word' id='word_1_189' title='bbox 1435 2502 1493 2566; x_wconf 86' lang='lat'>7.</span> <span class='ocrx_word' id='word_1_190' title='bbox 1540 2502 1833 2585; x_wconf 57' lang='lat' dir='ltr'>Assem),</span> <span class='ocrx_word' id='word_1_191' title='bbox 1879 2508 1953 2566; x_wconf 90' lang='lat' dir='ltr'>ut</span> <span class='ocrx_word' id='word_1_192' title='bbox 1995 2501 2244 2567; x_wconf 87' lang='lat' dir='ltr'>Paulus</span> <span class='ocrx_word' id='word_1_193' title='bbox 2287 2501 2551 2566; x_wconf 89' lang='lat' dir='ltr'>Petrum</span> <span class='ocrx_word' id='word_1_194' title='bbox 2599 2499 2744 2563; x_wconf 90' lang='lat' dir='ltr'>odio</span> <span class='ocrx_word' id='word_1_195' title='bbox 2790 2497 3054 2577; x_wconf 81' lang='lat' dir='ltr'>habeat3</span> 
     </span>
     <span class='ocr_line' id='line_1_22' title="bbox 428 2585 3060 2676; baseline 0 -25"><span class='ocrx_word' id='word_1_196' title='bbox 428 2592 492 2652; x_wconf 93' lang='lat' dir='ltr'>et</span> <span class='ocrx_word' id='word_1_197' title='bbox 562 2595 1028 2673; x_wconf 83' lang='lat' dir='ltr'>consequenter</span> <span class='ocrx_word' id='word_1_198' title='bbox 1093 2590 1277 2656; x_wconf 83' lang='lat' dir='ltr'>facile</span> <span class='ocrx_word' id='word_1_199' title='bbox 1344 2590 1454 2655; x_wconf 90' lang='lat' dir='ltr'>fiet</span> <span class='ocrx_word' id='word_1_200' title='bbox 1521 2595 1657 2675; x_wconf 80' lang='lat' dir='ltr'>(per</span> <span class='ocrx_word' id='word_1_201' title='bbox 1723 2590 1913 2675; x_wconf 80' lang='lat' dir='ltr'>Prop.</span> <span class='ocrx_word' id='word_1_202' title='bbox 1961 2590 2065 2657; x_wconf 79' lang='lat'>40.</span> <span class='ocrx_word' id='word_1_203' title='bbox 2109 2612 2171 2676; x_wconf 89' lang='grc' dir='ltr'>Ρ.</span> <span class='ocrx_word' id='word_1_204' title='bbox 2219 2590 2278 2655; x_wconf 88' lang='grc'>3.</span> <span class='ocrx_word' id='word_1_205' title='bbox 2324 2610 2465 2655; x_wconf 77' lang='lat' dir='ltr'>cum</span> <span class='ocrx_word' id='word_1_206' title='bbox 2510 2589 2650 2671; x_wconf 72' lang='lat' dir='ltr'>eius</span> <span class='ocrx_word' id='word_1_207' title='bbox 2697 2585 2940 2671; x_wconf 58' lang='grc' dir='ltr'>δάιοι),</span> <span class='ocrx_word' id='word_1_208' title='bbox 2987 2590 3060 2651; x_wconf 88' lang='grc' dir='ltr'>ιιι</span> 
     </span>
     <span class='ocr_line' id='line_1_23' title="bbox 426 2675 3059 2764; baseline -0.001 -23"><span class='ocrx_word' id='word_1_209' title='bbox 426 2676 664 2743; x_wconf 86' lang='lat' dir='ltr'>Petrus</span> <span class='ocrx_word' id='word_1_210' title='bbox 730 2676 1010 2743; x_wconf 88' lang='lat' dir='ltr'>Paulum</span> <span class='ocrx_word' id='word_1_211' title='bbox 1073 2684 1293 2743; x_wconf 89' lang='lat' dir='ltr'>contra</span> <span class='ocrx_word' id='word_1_212' title='bbox 1354 2680 1500 2744; x_wconf 90' lang='lat' dir='ltr'>odio</span> <span class='ocrx_word' id='word_1_213' title='bbox 1559 2678 1809 2763; x_wconf 91' lang='lat' dir='ltr'>habeat,</span> <span class='ocrx_word' id='word_1_214' title='bbox 1853 2684 2047 2764; x_wconf 88' lang='lat' dir='ltr'>atque</span> <span class='ocrx_word' id='word_1_215' title='bbox 2092 2680 2250 2745; x_wconf 88' lang='lat' dir='ltr'>adeo</span> <span class='ocrx_word' id='word_1_216' title='bbox 2295 2684 2430 2764; x_wconf 79' lang='lat' dir='ltr'>(per</span> <span class='ocrx_word' id='word_1_217' title='bbox 2474 2676 2671 2762; x_wconf 84' lang='lat' dir='ltr'>Prop.</span> <span class='ocrx_word' id='word_1_218' title='bbox 2718 2676 2823 2740; x_wconf 91' lang='grc'>39.</span> <span class='ocrx_word' id='word_1_219' title='bbox 2864 2694 2926 2760; x_wconf 90' lang='grc' dir='ltr'>Ρ.</span> <span class='ocrx_word' id='word_1_220' title='bbox 2976 2675 3059 2756; x_wconf 94' lang='grc'>3.)</span> 
     </span>
     <span class='ocr_line' id='line_1_24' title="bbox 427 2764 3056 2853; baseline -0.001 -23"><span class='ocrx_word' id='word_1_221' title='bbox 427 2770 504 2830; x_wconf 88' lang='grc' dir='ltr'>ιιι</span> <span class='ocrx_word' id='word_1_222' title='bbox 555 2768 835 2832; x_wconf 88' lang='lat' dir='ltr'>invicem</span> <span class='ocrx_word' id='word_1_223' title='bbox 884 2768 1125 2832; x_wconf 82' lang='lat' dir='ltr'>malum</span> <span class='ocrx_word' id='word_1_224' title='bbox 1167 2767 1405 2834; x_wconf 89' lang='lat' dir='ltr'>inferre</span> <span class='ocrx_word' id='word_1_225' title='bbox 1450 2774 1784 2851; x_wconf 89' lang='lat' dir='ltr'>conentur,</span> <span class='ocrx_word' id='word_1_226' title='bbox 1830 2770 1950 2832; x_wconf 90' lang='lat' dir='ltr'>hoc</span> <span class='ocrx_word' id='word_1_227' title='bbox 1995 2773 2091 2834; x_wconf 90' lang='lat' dir='ltr'>est</span> <span class='ocrx_word' id='word_1_228' title='bbox 2137 2772 2270 2853; x_wconf 75' lang='lat' dir='ltr'>(per</span> <span class='ocrx_word' id='word_1_229' title='bbox 2311 2767 2502 2852; x_wconf 80' lang='lat' dir='ltr'>Prop.</span> <span class='ocrx_word' id='word_1_230' title='bbox 2551 2766 2656 2830; x_wconf 88' lang='grc'>30.</span> <span class='ocrx_word' id='word_1_231' title='bbox 2696 2764 2935 2851; x_wconf 74' lang='lat' dir='ltr'>hujus),</span> <span class='ocrx_word' id='word_1_232' title='bbox 2981 2770 3056 2829; x_wconf 92' lang='grc' dir='ltr'>ιιι</span> 
     </span>
     <span class='ocr_line' id='line_1_25' title="bbox 426 2856 3060 2941; baseline 0 -23"><span class='ocrx_word' id='word_1_233' title='bbox 426 2856 707 2921; x_wconf 79' lang='lat' dir='ltr'>invicem</span> <span class='ocrx_word' id='word_1_234' title='bbox 777 2858 907 2921; x_wconf 91' lang='lat' dir='ltr'>sint</span> <span class='ocrx_word' id='word_1_235' title='bbox 973 2858 1291 2922; x_wconf 87' lang='lat' dir='ltr'>contrarii.</span> <span class='ocrx_word' id='word_1_236' title='bbox 1360 2858 1451 2922; x_wconf 83' lang='lat' dir='ltr'>At</span> <span class='ocrx_word' id='word_1_237' title='bbox 1517 2857 1782 2922; x_wconf 86' lang='lat' dir='ltr'>affectus</span> <span class='ocrx_word' id='word_1_238' title='bbox 1848 2857 2149 2923; x_wconf 84' lang='lat' dir='ltr'>Tristitiae</span> <span class='ocrx_word' id='word_1_239' title='bbox 2211 2875 2462 2941; x_wconf 89' lang='lat' dir='ltr'>semper</span> <span class='ocrx_word' id='word_1_240' title='bbox 2521 2857 2736 2941; x_wconf 83' lang='lat' dir='ltr'>passio</span> <span class='ocrx_word' id='word_1_241' title='bbox 2782 2860 2880 2919; x_wconf 90' lang='lat' dir='ltr'>est</span> <span class='ocrx_word' id='word_1_242' title='bbox 2925 2856 3060 2938; x_wconf 81' lang='lat' dir='ltr'>(per</span> 
     </span>
     <span class='ocr_line' id='line_1_26' title="bbox 428 2942 3059 3031; baseline -0 -23"><span class='ocrx_word' id='word_1_243' title='bbox 428 2942 621 3028; x_wconf 79' lang='lat' dir='ltr'>Prop.</span> <span class='ocrx_word' id='word_1_244' title='bbox 670 2944 773 3008; x_wconf 87' lang='lat'>59.</span> <span class='ocrx_word' id='word_1_245' title='bbox 815 2964 879 3029; x_wconf 98' lang='grc' dir='ltr'>Ρ.</span> <span class='ocrx_word' id='word_1_246' title='bbox 925 2945 1046 3027; x_wconf 85' lang='grc'><strong>3.);</strong></span> <span class='ocrx_word' id='word_1_247' title='bbox 1110 2964 1262 3030; x_wconf 85' lang='lat' dir='ltr'>ergo</span> <span class='ocrx_word' id='word_1_248' title='bbox 1321 2946 1634 3031; x_wconf 89' lang='lat' dir='ltr'>homines,</span> <span class='ocrx_word' id='word_1_249' title='bbox 1678 2952 2000 3031; x_wconf 90' lang='lat' dir='ltr'>quatenus</span> <span class='ocrx_word' id='word_1_250' title='bbox 2046 2946 2498 3012; x_wconf 87' lang='lat' dir='ltr'>conflictantur</span> <span class='ocrx_word' id='word_1_251' title='bbox 2542 2944 2898 3028; x_wconf 87' lang='lat' dir='ltr'>affectibus,</span> <span class='ocrx_word' id='word_1_252' title='bbox 2943 2944 3059 3027; x_wconf 91' lang='lat' dir='ltr'>qui</span> 
     </span>
     <span class='ocr_line' id='line_1_27' title="bbox 430 3031 2545 3119; baseline 0.001 -22"><span class='ocrx_word' id='word_1_253' title='bbox 430 3034 761 3117; x_wconf 81' lang='lat' dir='ltr'>passiones</span> <span class='ocrx_word' id='word_1_254' title='bbox 808 3039 978 3119; x_wconf 90' lang='lat' dir='ltr'>sunt,</span> <span class='ocrx_word' id='word_1_255' title='bbox 1023 3039 1294 3118; x_wconf 90' lang='lat' dir='ltr'>possunt</span> <span class='ocrx_word' id='word_1_256' title='bbox 1336 3036 1616 3101; x_wconf 88' lang='lat' dir='ltr'>invicem</span> <span class='ocrx_word' id='word_1_257' title='bbox 1663 3053 1805 3101; x_wconf 90' lang='lat' dir='ltr'>esse</span> <span class='ocrx_word' id='word_1_258' title='bbox 1851 3038 2170 3101; x_wconf 86' lang='lat' dir='ltr'>contrarii.</span> <span class='ocrx_word' id='word_1_259' title='bbox 2224 3034 2293 3115; x_wconf 81' lang='lat' dir='ltr'>Q.</span> <span class='ocrx_word' id='word_1_260' title='bbox 2338 3033 2415 3099; x_wconf 87' lang='grc' dir='ltr'>Ε.</span> <span class='ocrx_word' id='word_1_261' title='bbox 2462 3031 2545 3099; x_wconf 91' lang='lat' dir='ltr'>D.</span> 
     </span>
    </p>
   </div>
   <div class='ocr_carea' id='block_1_6' title="bbox 1511 3179 1990 3225">
    <p class='ocr_par' dir='ltr' id='par_1_8' title="bbox 1511 3179 1990 3225">
     <span class='ocr_line' id='line_1_28' title="bbox 1511 3179 1990 3225; baseline 0.002 -1"><span class='ocrx_word' id='word_1_262' title='bbox 1511 3179 1990 3225; x_wconf 72' lang='lat' dir='ltr'>scnoLIUM.</span> 
     </span>
    </p>
   </div>
   <div class='ocr_carea' id='block_1_7' title="bbox 428 3255 3069 4941">
    <p class='ocr_par' dir='ltr' id='par_1_9' title="bbox 428 3255 3069 4941">
     <span class='ocr_line' id='line_1_29' title="bbox 518 3255 3064 3345; baseline 0 -23"><span class='ocrx_word' id='word_1_263' title='bbox 518 3255 694 3342; x_wconf 82' lang='lat' dir='ltr'>Dixi,</span> <span class='ocrx_word' id='word_1_264' title='bbox 739 3259 910 3342; x_wconf 92' lang='lat' dir='ltr'>quod</span> <span class='ocrx_word' id='word_1_265' title='bbox 955 3258 1201 3325; x_wconf 88' lang='lat' dir='ltr'>Paulus</span> <span class='ocrx_word' id='word_1_266' title='bbox 1248 3261 1395 3326; x_wconf 90' lang='lat' dir='ltr'>odio</span> <span class='ocrx_word' id='word_1_267' title='bbox 1442 3260 1706 3327; x_wconf 92' lang='lat' dir='ltr'>Petrum</span> <span class='ocrx_word' id='word_1_268' title='bbox 1754 3261 2004 3344; x_wconf 90' lang='lat' dir='ltr'>habeat,</span> <span class='ocrx_word' id='word_1_269' title='bbox 2041 3263 2195 3345; x_wconf 91' lang='lat' dir='ltr'>quia</span> <span class='ocrx_word' id='word_1_270' title='bbox 2230 3261 2640 3345; x_wconf 80' lang='lat' dir='ltr'>imaginatur,</span> <span class='ocrx_word' id='word_1_271' title='bbox 2677 3259 2746 3323; x_wconf 87' lang='lat' dir='ltr'>id</span> <span class='ocrx_word' id='word_1_272' title='bbox 2787 3259 3064 3326; x_wconf 88' lang='lat' dir='ltr'>eundem</span> 
     </span>
     <span class='ocr_line' id='line_1_30' title="bbox 430 3347 3066 3435; baseline 0 -24"><span class='ocrx_word' id='word_1_273' title='bbox 430 3348 775 3431; x_wconf 89' lang='lat' dir='ltr'>possidere,</span> <span class='ocrx_word' id='word_1_274' title='bbox 843 3349 1016 3432; x_wconf 91' lang='lat' dir='ltr'>quod</span> <span class='ocrx_word' id='word_1_275' title='bbox 1081 3351 1220 3434; x_wconf 92' lang='lat' dir='ltr'>ipse</span> <span class='ocrx_word' id='word_1_276' title='bbox 1278 3348 1525 3416; x_wconf 90' lang='lat' dir='ltr'>Paulus</span> <span class='ocrx_word' id='word_1_277' title='bbox 1585 3353 1776 3416; x_wconf 88' lang='lat' dir='ltr'>etiam</span> <span class='ocrx_word' id='word_1_278' title='bbox 1824 3355 2028 3430; x_wconf 90' lang='lat' dir='ltr'>amat;</span> <span class='ocrx_word' id='word_1_279' title='bbox 2079 3351 2254 3417; x_wconf 91' lang='lat' dir='ltr'>unde</span> <span class='ocrx_word' id='word_1_280' title='bbox 2297 3350 2508 3435; x_wconf 87' lang='lat' dir='ltr'>prima</span> <span class='ocrx_word' id='word_1_281' title='bbox 2551 3348 2762 3413; x_wconf 89' lang='lat' dir='ltr'>fronte</span> <span class='ocrx_word' id='word_1_282' title='bbox 2805 3347 3066 3413; x_wconf 79' lang='lat' dir='ltr'>videtur</span> 
     </span>
     <span class='ocr_line' id='line_1_31' title="bbox 428 3438 3064 3524; baseline 0 -23"><span class='ocrx_word' id='word_1_283' title='bbox 428 3438 635 3520; x_wconf 89' lang='lat' dir='ltr'>sequi,</span> <span class='ocrx_word' id='word_1_284' title='bbox 702 3438 878 3521; x_wconf 88' lang='lat' dir='ltr'>quod</span> <span class='ocrx_word' id='word_1_285' title='bbox 936 3439 1003 3501; x_wconf 88' lang='lat' dir='ltr'>hi</span> <span class='ocrx_word' id='word_1_286' title='bbox 1049 3438 1178 3502; x_wconf 92' lang='lat' dir='ltr'>duo</span> <span class='ocrx_word' id='word_1_287' title='bbox 1224 3457 1308 3504; x_wconf 83' lang='lat' dir='ltr'>ex</span> <span class='ocrx_word' id='word_1_288' title='bbox 1353 3458 1448 3522; x_wconf 91' lang='lat' dir='ltr'>eo,</span> <span class='ocrx_word' id='word_1_289' title='bbox 1494 3440 1668 3524; x_wconf 91' lang='lat' dir='ltr'>quod</span> <span class='ocrx_word' id='word_1_290' title='bbox 1713 3439 1885 3505; x_wconf 92' lang='lat' dir='ltr'>idem</span> <span class='ocrx_word' id='word_1_291' title='bbox 1933 3444 2169 3523; x_wconf 87' lang='lat' dir='ltr'>amant,</span> <span class='ocrx_word' id='word_1_292' title='bbox 2214 3442 2277 3504; x_wconf 92' lang='lat' dir='ltr'>et</span> <span class='ocrx_word' id='word_1_293' title='bbox 2322 3441 2792 3522; x_wconf 80' lang='lat' dir='ltr'>consequenter</span> <span class='ocrx_word' id='word_1_294' title='bbox 2839 3455 2924 3501; x_wconf 80' lang='lat' dir='ltr'>ex</span> <span class='ocrx_word' id='word_1_295' title='bbox 2968 3455 3064 3519; x_wconf 85' lang='lat' dir='ltr'>ee,</span> 
     </span>
     <span class='ocr_line' id='line_1_32' title="bbox 435 3524 3065 3613; baseline 0 -24"><span class='ocrx_word' id='word_1_296' title='bbox 435 3525 612 3608; x_wconf 88' lang='lat' dir='ltr'>quod</span> <span class='ocrx_word' id='word_1_297' title='bbox 655 3531 887 3591; x_wconf 90' lang='lat' dir='ltr'>natura</span> <span class='ocrx_word' id='word_1_298' title='bbox 929 3528 1342 3613; x_wconf 83' lang='lat' dir='ltr'>conveniunt,</span> <span class='ocrx_word' id='word_1_299' title='bbox 1389 3527 1513 3594; x_wconf 89' lang='lat' dir='ltr'>sibi</span> <span class='ocrx_word' id='word_1_300' title='bbox 1556 3530 1836 3594; x_wconf 86' lang='lat' dir='ltr'>invicem</span> <span class='ocrx_word' id='word_1_301' title='bbox 1880 3529 2115 3593; x_wconf 87' lang='lat' dir='ltr'>damno</span> <span class='ocrx_word' id='word_1_302' title='bbox 2162 3529 2325 3609; x_wconf 85' lang='lat' dir='ltr'>sint3</span> <span class='ocrx_word' id='word_1_303' title='bbox 2375 3531 2570 3611; x_wconf 86' lang='lat' dir='ltr'>atque</span> <span class='ocrx_word' id='word_1_304' title='bbox 2617 3526 2793 3607; x_wconf 86' lang='lat' dir='ltr'>adeo,</span> <span class='ocrx_word' id='word_1_305' title='bbox 2838 3527 2896 3589; x_wconf 94' lang='lat' dir='ltr'>si</span> <span class='ocrx_word' id='word_1_306' title='bbox 2941 3524 3065 3590; x_wconf 90' lang='lat' dir='ltr'>hoc</span> 
     </span>
     <span class='ocr_line' id='line_1_33' title="bbox 438 3613 3064 3702; baseline 0 -25"><span class='ocrx_word' id='word_1_307' title='bbox 438 3632 664 3679; x_wconf 84' lang='lat' dir='ltr'>verum</span> <span class='ocrx_word' id='word_1_308' title='bbox 709 3620 823 3697; x_wconf 91' lang='lat' dir='ltr'>est,</span> <span class='ocrx_word' id='word_1_309' title='bbox 867 3615 1047 3680; x_wconf 75' lang='lat' dir='ltr'>falsae</span> <span class='ocrx_word' id='word_1_310' title='bbox 1091 3621 1305 3682; x_wconf 90' lang='lat' dir='ltr'>essent</span> <span class='ocrx_word' id='word_1_311' title='bbox 1349 3616 1710 3702; x_wconf 89' lang='lat' dir='ltr'>Propositio</span> <span class='ocrx_word' id='word_1_312' title='bbox 1760 3618 1863 3682; x_wconf 89' lang='lat'>30.</span> <span class='ocrx_word' id='word_1_313' title='bbox 1911 3621 1973 3683; x_wconf 90' lang='lat' dir='ltr'>et</span> <span class='ocrx_word' id='word_1_314' title='bbox 2021 3618 2123 3681; x_wconf 89' lang='lat'>31.</span> <span class='ocrx_word' id='word_1_315' title='bbox 2166 3618 2363 3700; x_wconf 89' lang='lat' dir='ltr'>hujus</span> <span class='ocrx_word' id='word_1_316' title='bbox 2401 3615 2628 3681; x_wconf 89' lang='lat' dir='ltr'>Partis.</span> <span class='ocrx_word' id='word_1_317' title='bbox 2668 3613 2794 3679; x_wconf 83' lang='lat' dir='ltr'>Sed</span> <span class='ocrx_word' id='word_1_318' title='bbox 2834 3616 2892 3679; x_wconf 89' lang='lat' dir='ltr'>si</span> <span class='ocrx_word' id='word_1_319' title='bbox 2927 3633 3064 3680; x_wconf 88' lang='lat' dir='ltr'>rem</span> 
     </span>
     <span class='ocr_line' id='line_1_34' title="bbox 442 3701 3066 3790; baseline 0 -25"><span class='ocrx_word' id='word_1_320' title='bbox 442 3722 632 3786; x_wconf 83' lang='lat' dir='ltr'>aequa</span> <span class='ocrx_word' id='word_1_321' title='bbox 690 3704 873 3770; x_wconf 91' lang='lat' dir='ltr'>lance</span> <span class='ocrx_word' id='word_1_322' title='bbox 925 3707 1294 3772; x_wconf 84' lang='lat' dir='ltr'>examinare</span> <span class='ocrx_word' id='word_1_323' title='bbox 1338 3707 1632 3790; x_wconf 83' lang='lat' dir='ltr'>velimus,</span> <span class='ocrx_word' id='word_1_324' title='bbox 1676 3708 1814 3771; x_wconf 81' lang='lat' dir='ltr'>haec</span> <span class='ocrx_word' id='word_1_325' title='bbox 1861 3708 2077 3770; x_wconf 90' lang='lat' dir='ltr'>omnia</span> <span class='ocrx_word' id='word_1_326' title='bbox 2125 3704 2466 3782; x_wconf 82' lang='lat' dir='ltr'>convenire</span> <span class='ocrx_word' id='word_1_327' title='bbox 2513 3705 2775 3769; x_wconf 90' lang='lat' dir='ltr'>omnino</span> <span class='ocrx_word' id='word_1_328' title='bbox 2822 3701 3066 3769; x_wconf 83' lang='lat' dir='ltr'>videbi-</span> 
     </span>
     <span class='ocr_line' id='line_1_35' title="bbox 439 3791 3066 3880; baseline 0.001 -25"><span class='ocrx_word' id='word_1_329' title='bbox 439 3811 604 3856; x_wconf 89' lang='lat' dir='ltr'>mus.</span> <span class='ocrx_word' id='word_1_330' title='bbox 665 3791 727 3856; x_wconf 88' lang='lat' dir='ltr'>N</span> <span class='ocrx_word' id='word_1_331' title='bbox 729 3813 831 3858; x_wconf 88' lang='lat' dir='ltr'>am</span> <span class='ocrx_word' id='word_1_332' title='bbox 885 3794 952 3856; x_wconf 92' lang='lat' dir='ltr'>hi</span> <span class='ocrx_word' id='word_1_333' title='bbox 999 3792 1128 3858; x_wconf 94' lang='lat' dir='ltr'>duo</span> <span class='ocrx_word' id='word_1_334' title='bbox 1175 3813 1303 3858; x_wconf 92' lang='lat' dir='ltr'>non</span> <span class='ocrx_word' id='word_1_335' title='bbox 1352 3800 1505 3860; x_wconf 93' lang='lat' dir='ltr'>sunt</span> <span class='ocrx_word' id='word_1_336' title='bbox 1548 3797 1824 3861; x_wconf 86' lang='lat' dir='ltr'>invicem</span> <span class='ocrx_word' id='word_1_337' title='bbox 1871 3796 2139 3878; x_wconf 87' lang='lat' dir='ltr'>molesti,</span> <span class='ocrx_word' id='word_1_338' title='bbox 2187 3799 2509 3880; x_wconf 91' lang='lat' dir='ltr'>quatenus</span> <span class='ocrx_word' id='word_1_339' title='bbox 2554 3798 2786 3858; x_wconf 91' lang='lat' dir='ltr'>natura</span> <span class='ocrx_word' id='word_1_340' title='bbox 2833 3810 3066 3857; x_wconf 83' lang='lat' dir='ltr'>conve-</span> 
     </span>
     <span class='ocr_line' id='line_1_36' title="bbox 439 3880 3063 3968; baseline 0 -25"><span class='ocrx_word' id='word_1_341' title='bbox 439 3880 649 3962; x_wconf 90' lang='lat' dir='ltr'>niunt,</span> <span class='ocrx_word' id='word_1_342' title='bbox 693 3882 815 3947; x_wconf 91' lang='lat' dir='ltr'>hoc</span> <span class='ocrx_word' id='word_1_343' title='bbox 859 3886 955 3947; x_wconf 87' lang='lat' dir='ltr'>est</span> <span class='ocrx_word' id='word_1_344' title='bbox 1003 3887 1322 3967; x_wconf 89' lang='lat' dir='ltr'>quatenus</span> <span class='ocrx_word' id='word_1_345' title='bbox 1368 3890 1641 3968; x_wconf 90' lang='lat' dir='ltr'>uterque</span> <span class='ocrx_word' id='word_1_346' title='bbox 1686 3885 1856 3950; x_wconf 91' lang='lat' dir='ltr'>idem</span> <span class='ocrx_word' id='word_1_347' title='bbox 1903 3889 2093 3966; x_wconf 89' lang='lat' dir='ltr'>amat,</span> <span class='ocrx_word' id='word_1_348' title='bbox 2138 3885 2253 3950; x_wconf 87' lang='lat' dir='ltr'>sed</span> <span class='ocrx_word' id='word_1_349' title='bbox 2300 3889 2622 3967; x_wconf 88' lang='lat' dir='ltr'>quatenus</span> <span class='ocrx_word' id='word_1_350' title='bbox 2667 3880 2747 3946; x_wconf 89' lang='lat' dir='ltr'>ab</span> <span class='ocrx_word' id='word_1_351' title='bbox 2784 3882 3063 3945; x_wconf 84' lang='lat' dir='ltr'>invicem</span> 
     </span>
     <span class='ocr_line' id='line_1_37' title="bbox 441 3969 3066 4058; baseline 0 -25"><span class='ocrx_word' id='word_1_352' title='bbox 441 3969 819 4054; x_wconf 90' lang='lat' dir='ltr'>discrepant.</span> <span class='ocrx_word' id='word_1_353' title='bbox 864 3969 1030 4035; x_wconf 90' lang='lat' dir='ltr'>Nam</span> <span class='ocrx_word' id='word_1_354' title='bbox 1078 3977 1398 4056; x_wconf 91' lang='lat' dir='ltr'>quatenus</span> <span class='ocrx_word' id='word_1_355' title='bbox 1443 3979 1720 4058; x_wconf 90' lang='lat' dir='ltr'>uterque</span> <span class='ocrx_word' id='word_1_356' title='bbox 1761 3973 1933 4039; x_wconf 92' lang='lat' dir='ltr'>idem</span> <span class='ocrx_word' id='word_1_357' title='bbox 1982 3977 2169 4052; x_wconf 85' lang='lat' dir='ltr'>amat,</span> <span class='ocrx_word' id='word_1_358' title='bbox 2216 3992 2291 4038; x_wconf 94' lang='lat' dir='ltr'>eo</span> <span class='ocrx_word' id='word_1_359' title='bbox 2337 3976 2479 4058; x_wconf 89' lang='lat' dir='ltr'>ipso</span> <span class='ocrx_word' id='word_1_360' title='bbox 2522 3972 2864 4054; x_wconf 85' lang='lat' dir='ltr'>utriusque</span> <span class='ocrx_word' id='word_1_361' title='bbox 2885 3988 3066 4034; x_wconf 92' lang='lat' dir='ltr'>amor</span> 
     </span>
     <span class='ocr_line' id='line_1_38' title="bbox 439 4057 3066 4148; baseline 0.001 -28"><span class='ocrx_word' id='word_1_362' title='bbox 439 4057 697 4124; x_wconf 86' lang='lat' dir='ltr'>fovetur</span> <span class='ocrx_word' id='word_1_363' title='bbox 763 4062 898 4144; x_wconf 80' lang='lat' dir='ltr'>(per</span> <span class='ocrx_word' id='word_1_364' title='bbox 942 4058 1132 4144; x_wconf 84' lang='lat' dir='ltr'>Prop.</span> <span class='ocrx_word' id='word_1_365' title='bbox 1183 4060 1285 4125; x_wconf 85' lang='lat'>31.</span> <span class='ocrx_word' id='word_1_366' title='bbox 1327 4080 1389 4146; x_wconf 90' lang='grc' dir='ltr'>Ρ.</span> <span class='ocrx_word' id='word_1_367' title='bbox 1437 4062 1537 4145; x_wconf 86' lang='grc'><strong>3.),</strong></span> <span class='ocrx_word' id='word_1_368' title='bbox 1596 4064 1716 4127; x_wconf 90' lang='lat' dir='ltr'>hoc</span> <span class='ocrx_word' id='word_1_369' title='bbox 1777 4067 1875 4128; x_wconf 93' lang='lat' dir='ltr'>est</span> <span class='ocrx_word' id='word_1_370' title='bbox 1935 4066 2076 4148; x_wconf 82' lang='lat' dir='ltr'>(per</span> <span class='ocrx_word' id='word_1_371' title='bbox 2120 4060 2331 4142; x_wconf 76' lang='lat' dir='ltr'>Defin.</span> <span class='ocrx_word' id='word_1_372' title='bbox 2381 4061 2439 4125; x_wconf 88' lang='lat'>6.</span> <span class='ocrx_word' id='word_1_373' title='bbox 2485 4058 2744 4141; x_wconf 57' lang='lat' dir='ltr'>Maca),</span> <span class='ocrx_word' id='word_1_374' title='bbox 2804 4077 2879 4123; x_wconf 95' lang='lat' dir='ltr'>eo</span> <span class='ocrx_word' id='word_1_375' title='bbox 2925 4060 3066 4142; x_wconf 89' lang='lat' dir='ltr'>ipso</span> 
     </span>
     <span class='ocr_line' id='line_1_39' title="bbox 442 4146 3066 4235; baseline 0 -24"><span class='ocrx_word' id='word_1_376' title='bbox 442 4149 784 4232; x_wconf 88' lang='lat' dir='ltr'>utriusque</span> <span class='ocrx_word' id='word_1_377' title='bbox 827 4148 1079 4214; x_wconf 79' lang='lat' dir='ltr'>Laetitia</span> <span class='ocrx_word' id='word_1_378' title='bbox 1119 4148 1390 4215; x_wconf 86' lang='lat' dir='ltr'>fovetur.</span> <span class='ocrx_word' id='word_1_379' title='bbox 1438 4150 1652 4229; x_wconf 80' lang='lat' dir='ltr'>Quare</span> <span class='ocrx_word' id='word_1_380' title='bbox 1698 4152 1888 4235; x_wconf 86' lang='lat' dir='ltr'>longe</span> <span class='ocrx_word' id='word_1_381' title='bbox 1934 4151 2134 4233; x_wconf 87' lang='lat' dir='ltr'>abest,</span> <span class='ocrx_word' id='word_1_382' title='bbox 2179 4156 2252 4218; x_wconf 90' lang='lat' dir='ltr'>ut</span> <span class='ocrx_word' id='word_1_383' title='bbox 2292 4155 2613 4235; x_wconf 90' lang='lat' dir='ltr'>quatenus</span> <span class='ocrx_word' id='word_1_384' title='bbox 2636 4146 2806 4212; x_wconf 90' lang='lat' dir='ltr'>idem</span> <span class='ocrx_word' id='word_1_385' title='bbox 2831 4152 3066 4229; x_wconf 89' lang='lat' dir='ltr'>amant,</span> 
     </span>
     <span class='ocr_line' id='line_1_40' title="bbox 440 4238 3068 4322; baseline 0 -21"><span class='ocrx_word' id='word_1_386' title='bbox 440 4241 505 4301; x_wconf 88' lang='lat' dir='ltr'>et</span> <span class='ocrx_word' id='word_1_387' title='bbox 571 4242 801 4302; x_wconf 87' lang='lat' dir='ltr'>natura</span> <span class='ocrx_word' id='word_1_388' title='bbox 867 4240 1279 4322; x_wconf 83' lang='lat' dir='ltr'>conveniunt,</span> <span class='ocrx_word' id='word_1_389' title='bbox 1336 4241 1616 4305; x_wconf 84' lang='lat' dir='ltr'>invicem</span> <span class='ocrx_word' id='word_1_390' title='bbox 1679 4241 1931 4305; x_wconf 91' lang='lat' dir='ltr'>molesti</span> <span class='ocrx_word' id='word_1_391' title='bbox 1992 4242 2139 4306; x_wconf 89' lang='lat' dir='ltr'>sint.</span> <span class='ocrx_word' id='word_1_392' title='bbox 2186 4239 2311 4306; x_wconf 82' lang='lat' dir='ltr'>Sed</span> <span class='ocrx_word' id='word_1_393' title='bbox 2355 4240 2550 4322; x_wconf 90' lang='lat' dir='ltr'>hujus</span> <span class='ocrx_word' id='word_1_394' title='bbox 2595 4238 2688 4303; x_wconf 92' lang='lat' dir='ltr'>rei</span> <span class='ocrx_word' id='word_1_395' title='bbox 2733 4255 2947 4319; x_wconf 89' lang='lat' dir='ltr'>causa,</span> <span class='ocrx_word' id='word_1_396' title='bbox 2991 4241 3068 4301; x_wconf 91' lang='lat' dir='ltr'>ut</span> 
     </span>
     <span class='ocr_line' id='line_1_41' title="bbox 444 4324 3067 4414; baseline 0 -25"><span class='ocrx_word' id='word_1_397' title='bbox 444 4325 602 4409; x_wconf 82' lang='lat' dir='ltr'>dixi,</span> <span class='ocrx_word' id='word_1_398' title='bbox 669 4327 851 4391; x_wconf 91' lang='lat' dir='ltr'>nulla</span> <span class='ocrx_word' id='word_1_399' title='bbox 916 4327 1042 4391; x_wconf 82' lang='lat' dir='ltr'>alia</span> <span class='ocrx_word' id='word_1_400' title='bbox 1099 4332 1213 4407; x_wconf 85' lang='lat' dir='ltr'>est,</span> <span class='ocrx_word' id='word_1_401' title='bbox 1259 4348 1452 4412; x_wconf 91' lang='lat' dir='ltr'>quam</span> <span class='ocrx_word' id='word_1_402' title='bbox 1500 4331 1654 4413; x_wconf 93' lang='lat' dir='ltr'>quia</span> <span class='ocrx_word' id='word_1_403' title='bbox 1700 4334 1931 4394; x_wconf 89' lang='lat' dir='ltr'>natura</span> <span class='ocrx_word' id='word_1_404' title='bbox 1977 4329 2337 4414; x_wconf 89' lang='lat' dir='ltr'>discrepare</span> <span class='ocrx_word' id='word_1_405' title='bbox 2382 4329 2856 4412; x_wconf 89' lang='lat' dir='ltr'>supponuntur.</span> <span class='ocrx_word' id='word_1_406' title='bbox 2901 4324 3067 4410; x_wconf 84' lang='lat' dir='ltr'>Sup-</span> 
     </span>
     <span class='ocr_line' id='line_1_42' title="bbox 441 4416 3067 4501; baseline 0 -24"><span class='ocrx_word' id='word_1_407' title='bbox 441 4416 744 4497; x_wconf 89' lang='lat' dir='ltr'>ponimus</span> <span class='ocrx_word' id='word_1_408' title='bbox 813 4433 1112 4500; x_wconf 91' lang='lat' dir='ltr'>namque,</span> <span class='ocrx_word' id='word_1_409' title='bbox 1171 4416 1435 4483; x_wconf 87' lang='lat' dir='ltr'>Petrum</span> <span class='ocrx_word' id='word_1_410' title='bbox 1493 4418 1704 4483; x_wconf 88' lang='lat' dir='ltr'>ideam</span> <span class='ocrx_word' id='word_1_411' title='bbox 1760 4416 1995 4483; x_wconf 89' lang='lat' dir='ltr'>habere</span> <span class='ocrx_word' id='word_1_412' title='bbox 2039 4419 2134 4482; x_wconf 88' lang='lat' dir='ltr'>rei</span> <span class='ocrx_word' id='word_1_413' title='bbox 2180 4422 2407 4484; x_wconf 77' lang='lat' dir='ltr'>amatae</span> <span class='ocrx_word' id='word_1_414' title='bbox 2445 4419 2580 4501; x_wconf 87' lang='lat' dir='ltr'>jam</span> <span class='ocrx_word' id='word_1_415' title='bbox 2625 4432 2960 4500; x_wconf 79' lang='lat' dir='ltr'>possessae,</span> <span class='ocrx_word' id='word_1_416' title='bbox 3004 4418 3067 4479; x_wconf 90' lang='lat' dir='ltr'>et</span> 
     </span>
     <span class='ocr_line' id='line_1_43' title="bbox 440 4501 3068 4590; baseline 0.001 -25"><span class='ocrx_word' id='word_1_417' title='bbox 440 4501 721 4567; x_wconf 92' lang='lat' dir='ltr'>Paulum</span> <span class='ocrx_word' id='word_1_418' title='bbox 767 4511 990 4570; x_wconf 86' lang='lat' dir='ltr'>contra</span> <span class='ocrx_word' id='word_1_419' title='bbox 1034 4504 1245 4571; x_wconf 86' lang='lat' dir='ltr'>ideam</span> <span class='ocrx_word' id='word_1_420' title='bbox 1286 4509 1380 4573; x_wconf 89' lang='lat' dir='ltr'>rei</span> <span class='ocrx_word' id='word_1_421' title='bbox 1425 4512 1655 4573; x_wconf 79' lang='lat' dir='ltr'>amatae</span> <span class='ocrx_word' id='word_1_422' title='bbox 1701 4508 1974 4573; x_wconf 77' lang='lat' dir='ltr'>amissae.</span> <span class='ocrx_word' id='word_1_423' title='bbox 2023 4506 2213 4573; x_wconf 87' lang='lat' dir='ltr'>Unde</span> <span class='ocrx_word' id='word_1_424' title='bbox 2256 4506 2348 4590; x_wconf 87' lang='lat' dir='ltr'>fit,</span> <span class='ocrx_word' id='word_1_425' title='bbox 2393 4511 2468 4571; x_wconf 93' lang='lat' dir='ltr'>ut</span> <span class='ocrx_word' id='word_1_426' title='bbox 2512 4505 2615 4568; x_wconf 91' lang='lat' dir='ltr'>hic</span> <span class='ocrx_word' id='word_1_427' title='bbox 2659 4503 2960 4588; x_wconf 81' lang='lat' dir='ltr'>Tristitia,</span> <span class='ocrx_word' id='word_1_428' title='bbox 3004 4507 3068 4569; x_wconf 92' lang='lat' dir='ltr'>et</span> 
     </span>
     <span class='ocr_line' id='line_1_44' title="bbox 440 4591 3069 4681; baseline 0 -27"><span class='ocrx_word' id='word_1_429' title='bbox 440 4591 550 4658; x_wconf 94' lang='lat' dir='ltr'>ille</span> <span class='ocrx_word' id='word_1_430' title='bbox 615 4597 838 4658; x_wconf 88' lang='lat' dir='ltr'>contra</span> <span class='ocrx_word' id='word_1_431' title='bbox 896 4593 1149 4659; x_wconf 79' lang='lat' dir='ltr'>Laetitia</span> <span class='ocrx_word' id='word_1_432' title='bbox 1193 4594 1523 4681; x_wconf 86' lang='lat' dir='ltr'>afficiatur,</span> <span class='ocrx_word' id='word_1_433' title='bbox 1568 4600 1763 4681; x_wconf 88' lang='lat' dir='ltr'>atque</span> <span class='ocrx_word' id='word_1_434' title='bbox 1806 4601 2074 4662; x_wconf 88' lang='lat' dir='ltr'>eatenus</span> <span class='ocrx_word' id='word_1_435' title='bbox 2120 4597 2396 4662; x_wconf 86' lang='lat' dir='ltr'>invicem</span> <span class='ocrx_word' id='word_1_436' title='bbox 2442 4594 2745 4659; x_wconf 86' lang='lat' dir='ltr'>contrarii</span> <span class='ocrx_word' id='word_1_437' title='bbox 2792 4594 2940 4658; x_wconf 89' lang='lat' dir='ltr'>sint.</span> <span class='ocrx_word' id='word_1_438' title='bbox 2984 4591 3069 4655; x_wconf 86' lang='lat' dir='ltr'>Et</span> 
     </span>
     <span class='ocr_line' id='line_1_45' title="bbox 442 4680 3068 4770; baseline 0 -26"><span class='ocrx_word' id='word_1_439' title='bbox 442 4680 524 4745; x_wconf 88' lang='lat' dir='ltr'>ad</span> <span class='ocrx_word' id='word_1_440' title='bbox 591 4681 767 4746; x_wconf 91' lang='lat' dir='ltr'>hunc</span> <span class='ocrx_word' id='word_1_441' title='bbox 834 4683 1097 4747; x_wconf 92' lang='lat' dir='ltr'>modum</span> <span class='ocrx_word' id='word_1_442' title='bbox 1165 4686 1499 4752; x_wconf 90' lang='lat' dir='ltr'>ostendere</span> <span class='ocrx_word' id='word_1_443' title='bbox 1564 4684 1752 4752; x_wconf 90' lang='lat' dir='ltr'>facile</span> <span class='ocrx_word' id='word_1_444' title='bbox 1794 4704 2166 4770; x_wconf 87' lang='lat' dir='ltr'>possumus,</span> <span class='ocrx_word' id='word_1_445' title='bbox 2208 4686 2490 4770; x_wconf 89' lang='lat' dir='ltr'>reliquas</span> <span class='ocrx_word' id='word_1_446' title='bbox 2535 4683 2667 4747; x_wconf 93' lang='lat' dir='ltr'>odii</span> <span class='ocrx_word' id='word_1_447' title='bbox 2714 4701 2941 4747; x_wconf 86' lang='lat' dir='ltr'>causas</span> <span class='ocrx_word' id='word_1_448' title='bbox 2988 4680 3068 4746; x_wconf 86' lang='lat' dir='ltr'>ab</span> 
     </span>
     <span class='ocr_line' id='line_1_46' title="bbox 443 4769 3068 4860; baseline 0 -28"><span class='ocrx_word' id='word_1_449' title='bbox 443 4769 565 4835; x_wconf 91' lang='lat' dir='ltr'>hoc</span> <span class='ocrx_word' id='word_1_450' title='bbox 633 4771 772 4836; x_wconf 89' lang='lat' dir='ltr'>solo</span> <span class='ocrx_word' id='word_1_451' title='bbox 829 4771 1126 4857; x_wconf 88' lang='lat' dir='ltr'>pendere,</span> <span class='ocrx_word' id='word_1_452' title='bbox 1187 4774 1360 4858; x_wconf 90' lang='lat' dir='ltr'>quod</span> <span class='ocrx_word' id='word_1_453' title='bbox 1405 4776 1696 4840; x_wconf 91' lang='lat' dir='ltr'>homines</span> <span class='ocrx_word' id='word_1_454' title='bbox 1741 4780 1974 4840; x_wconf 86' lang='lat' dir='ltr'>natura</span> <span class='ocrx_word' id='word_1_455' title='bbox 2018 4774 2401 4860; x_wconf 85' lang='lat' dir='ltr'>discrepant,</span> <span class='ocrx_word' id='word_1_456' title='bbox 2446 4778 2509 4841; x_wconf 93' lang='lat' dir='ltr'>et</span> <span class='ocrx_word' id='word_1_457' title='bbox 2552 4791 2683 4837; x_wconf 94' lang='lat' dir='ltr'>non</span> <span class='ocrx_word' id='word_1_458' title='bbox 2729 4769 2809 4835; x_wconf 95' lang='lat' dir='ltr'>ab</span> <span class='ocrx_word' id='word_1_459' title='bbox 2856 4789 2952 4854; x_wconf 89' lang='lat' dir='ltr'>eo,</span> <span class='ocrx_word' id='word_1_460' title='bbox 2997 4772 3068 4833; x_wconf 92' lang='lat' dir='ltr'>in</span> 
     </span>
     <span class='ocr_line' id='line_1_47' title="bbox 449 4861 1040 4941; baseline 0.002 -18"><span class='ocrx_word' id='word_1_461' title='bbox 449 4877 580 4941; x_wconf 92' lang='lat' dir='ltr'>quo</span> <span class='ocrx_word' id='word_1_462' title='bbox 627 4861 1040 4927; x_wconf 86' lang='lat' dir='ltr'>conveniunt.</span> 
     </span>
    </p>
   </div>
   <div class='ocr_carea' id='block_1_8' title="bbox 2835 4966 2869 5018">
    <p class='ocr_par' dir='ltr' id='par_1_10' title="bbox 2835 4966 2869 5018">
     <span class='ocr_line' id='line_1_48' title="bbox 2835 4966 2869 5018; baseline 0 0"><span class='ocrx_word' id='word_1_463' title='bbox 2835 4966 2869 5018; x_wconf 87' lang='lat'>9</span> 
     </span>
    </p>
   </div>
  </div>
 </body>
</html>
