3609 5642
506 519 592 582 82
1535 537 1784 582 mmcns
1829 538 1984 583 PARS
2027 538 2115 583 111.

502 705 779 789 aspicere
843 703 1283 786 imayinamur,
1349 707 1410 768 et
1468 709 1691 769 contra
1748 702 1821 767 id
1876 724 2058 788 ayere
2114 703 2562 788 aversabimur,
2621 705 2790 790 quod
2848 705 3130 772 homines

505 794 793 859 aversari
835 793 1277 875 imayinamwr.

1455 924 2169 971 DEMONSTRATIQ

594 1018 700 1082 Ex
766 1036 860 1099 eo,
927 1017 1101 1101 quod
1166 1018 1597 1102 imaginamur
1643 1018 1935 1082 homines
1980 1018 2226 1103 aliquid
2272 1038 2486 1084 amare
2533 1020 2636 1084 vel
2683 1021 2828 1085 odio
2875 1022 3130 1103 habere,

507 1127 627 1173 nos
692 1107 864 1171 idem
923 1106 1281 1171 amabimus
1340 1106 1444 1170 vel
1506 1107 1652 1171 odio
1699 1106 2079 1172 habebimus
2125 1111 2274 1191 (per
2318 1106 2515 1192 Prop.
2559 1109 2663 1173 27.
2708 1108 2953 1195 hujus);
3005 1112 3129 1174 hoc

508 1202 605 1263 est
686 1200 833 1279 (per
879 1192 1074 1260 Schol.
1120 1194 1310 1279 Prop.
1357 1194 1459 1258 13.
1505 1195 1737 1279 hujus),
1817 1215 1892 1260 eo
1958 1198 2099 1281 ipso
2168 1198 2309 1279 ejus
2376 1200 2472 1261 rei
2537 1202 2880 1281 praesentia
2949 1200 3129 1264 laeta-

509 1286 722 1350 bimur
787 1285 894 1349 vel
952 1285 1508 1365 contristabimur3
1571 1285 1862 1369 adeoque
1905 1289 2054 1371 (per
2095 1304 2279 1370 proec.
2328 1285 2541 1370 Pwp.)
2586 1288 2653 1351 id
2698 1308 2905 1371 omne,
2952 1289 3129 1373 quod

508 1376 798 1440 homines
866 1393 1079 1438 amare
1147 1375 1283 1438 sive
1351 1392 1498 1438 cum
1566 1372 1819 1438 Laetitia
1886 1376 2171 1458 aspicere
2238 1377 2688 1460 imaginamur,
2747 1378 3130 1442 conabimur

511 1482 716 1548 agere,
762 1467 876 1528 etc.
929 1461 997 1542 Q.
1041 1461 1119 1526 Ε.
1165 1459 1249 1528 D.

1585 1594 2050 1641 SOHOLIUE

597 1687 724 1753 Hic
791 1691 1058 1753 conatus
1126 1688 1372 1772 aliquid
1437 1689 1685 1772 agendi,
1746 1693 1812 1754 et
1854 1690 2046 1753 etiam
2092 1690 2445 1771 omittendi,
2492 1710 2567 1755 ea
2611 1691 2748 1755 sola
2795 1691 2873 1755 de
2918 1710 3132 1774 causa,

513 1782 585 1843 ut
649 1777 1017 1842 hominibus
1084 1777 1467 1862 placeamus,
1536 1781 1804 1842 vocatur
1869 1775 2156 1861 Ambitio,
2223 1781 2580 1862 praesertim
2648 1781 2905 1864 quando
2973 1780 3130 1845 adeo

511 1869 797 1950 impense
868 1867 1062 1950 vulgo
1129 1866 1379 1950 placere
1437 1884 1764 1947 conamur,
1826 1872 1899 1931 ut
1960 1886 2109 1931 cum
2157 1874 2375 1933 nostro
2421 1877 2534 1933 aut
2580 1868 2847 1933 alterius
2894 1870 3127 1933 damno

514 1957 811 2040 quaedam
855 1974 1123 2039 agamus
1168 1955 1266 2019 vel
1307 1957 1714 2035 omittamus;
1741 1956 1900 2020 alias
1928 1954 2319 2022 Humanitas
2341 1958 2646 2042 appellari
2672 1958 2849 2023 solet.
2874 1956 3126 2022 Deinde
3171 1990 3176 1994 ·

514 2045 848 2127 Laetitiam,
895 2064 1023 2128 qua
1070 2044 1332 2109 alterius
1377 2045 1711 2127 actionem,
1757 2064 1885 2128 qua
1930 2064 2050 2110 nos
2096 2053 2364 2111 conatus
2410 2052 2508 2112 est
2554 2047 2869 2129 delectari,
2907 2049 3130 2132 imagi-

514 2154 763 2217 namur,
826 2132 1111 2198 Laudem
1180 2151 1369 2214 voco,
1429 2132 1777 2198 Tristitiam
1822 2152 1991 2217 vere,
2037 2155 2167 2219 qua
2212 2141 2435 2200 contra
2479 2136 2765 2218 ejusdem
2814 2138 3129 2202 actionem

514 2242 905 2305 aversamur,
963 2221 1364 2307 Vituperium
1408 2240 1567 2287 voco
1596 2222 1659 2303 1).

1325 2360 1380 2424 P
1400 2359 1461 2425 R
1484 2359 1538 2425 Ο
1562 2360 1618 2425 Ρ
1640 2358 1693 2424 O
1720 2361 1763 2426 S
1787 2360 1822 2425 I
1840 2360 1891 2425 T
1910 2360 1944 2425 Ι
1970 2360 2023 2427 Ο
2113 2360 2334 2426 ΧΧΧ.

603 2471 676 2539 Si
741 2473 882 2562 quis
947 2474 1195 2560 aliquid
1257 2476 1395 2558 eyit,
1463 2475 1630 2562 quod
1685 2474 1958 2563 reliquos
2015 2476 2272 2542 Loetitia
2317 2475 2579 2561 afficere
2623 2476 3028 2560 imaqinatur,
3072 2478 3132 2541 is

512 2563 787 2646 Loetitia,
828 2565 1276 2630 concomitante
1315 2565 1458 2629 idea
1500 2565 1603 2629 sui
1648 2569 1953 2652 tanquam
1997 2585 2209 2649 causa,
2254 2566 2581 2650 afficietur
2592 2587 2617 2646 ;
2659 2567 2788 2630 sive
2828 2586 2892 2632 se
2926 2567 3133 2651 ipsum

514 2673 653 2717 cum
712 2652 971 2718 Loetitia
1013 2651 1541 2738 contemplabitur.
1588 2652 1662 2718 Si
1706 2661 1925 2719 contra
1968 2654 2213 2742 aliquid
2256 2658 2392 2739 eyit,
2437 2655 2602 2741 quod
2641 2654 2912 2742 reliquos
2954 2656 3132 2721 Tris-

513 2742 656 2806 titia
698 2741 959 2826 afficere
1007 2743 1414 2826 imayinatur‚
1458 2763 1522 2808 se
1563 2744 1773 2828 ipsum
1817 2764 1957 2808 cum
2000 2744 2295 2810 Tristitia
2338 2751 2560 2810 contra
2603 2743 3134 2829 contemplabitur.

1466 2875 2178 2922 nnuonsrnnr1a

605 2965 731 3043 Qui
798 2986 867 3032 se
933 2967 1219 3051 reliquos
1286 2965 1540 3032 Laetitia
1605 2969 1708 3033 vel
1775 2969 2056 3034 Tristitia
2116 2968 2366 3035 afficere
2424 2971 2830 3055 imaginatur,
2875 2989 2950 3035 eo
2993 2972 3133 3054 ipso

515 3059 666 3140 (per
708 3054 898 3140 Prop.
944 3056 1049 3119 27.
1089 3054 1302 3138 hujus)
1348 3055 1598 3122 Laetitia
1643 3057 1745 3122 vel
1790 3057 2073 3123 Tristitia
2116 3057 2448 3124 afficietur.
2496 3057 2657 3123 Cum
2704 3065 2918 3124 autem
2943 3060 3134 3124 homo

522 3148 662 3229 (per
705 3143 901 3229 Prop.
950 3144 1054 3208 19.
1099 3151 1156 3209 et
1199 3145 1303 3208 23.
1347 3165 1408 3230 p.
1457 3147 1539 3227 2.)
1586 3148 1689 3211 sui
1735 3146 1820 3211 sit
1866 3148 2164 3212 conscius
2209 3167 2323 3231 per
2367 3148 2753 3231 affectiones,
2790 3149 3029 3232 quibus
3055 3149 3136 3213 ad

514 3234 835 3318 agendum
906 3234 1395 3317 determinatur3
1467 3254 1635 3319 erge,
1701 3236 1815 3318 qui
1864 3237 2109 3321 aliquid
2155 3238 2302 3321 egit,
2347 3237 2523 3321 quod
2568 3238 2705 3321 ipse
2747 3240 3137 3322 imaginatur

516 3323 800 3406 reliquos
866 3322 1119 3388 Laetitia
1178 3322 1448 3407 afficere,
1506 3323 1759 3388 Laetitia
1803 3344 1950 3389 cum
1999 3327 2391 3391 conscientia
2436 3327 2540 3390 sui
2586 3332 2896 3409 tanquam
2941 3345 3137 3391 causa

515 3410 849 3496 afficietur,
888 3414 1027 3477 sive
1071 3414 1354 3497 seipsum
1402 3432 1549 3477 cum
1596 3411 1846 3478 Laetitia
1891 3414 2464 3498 comtemplabitur,
2510 3419 2573 3480 et
2594 3423 2830 3480 contra.
2859 3413 2927 3494 Q.
2950 3414 3027 3479 Ε.
3051 3413 3138 3480 D.

1589 3544 2064 3592 scflohlum

604 3625 765 3691 Cum
835 3627 1036 3690 Amor
1102 3628 1250 3709 (per
1297 3624 1491 3691 Schol.
1539 3625 1731 3712 Prop.
1781 3627 1886 3694 13.
1933 3627 2147 3713 hujus)
2210 3631 2297 3693 sit
2357 3627 2612 3694 Laetitia
2671 3630 3137 3696 concomitante

514 3716 658 3781 idea
702 3733 915 3780 causae
960 3720 1264 3798 externae,
1310 3721 1374 3780 et
1419 3714 1656 3781 Odium
1699 3716 1982 3782 Tristitia
2019 3719 2488 3785 concomitante
2526 3718 2717 3783 etiam
2754 3718 2897 3783 idea
2920 3735 3133 3783 causae

516 3811 832 3884 externae3
903 3804 1023 3867 erit
1090 3823 1240 3888 ergo
1309 3805 1448 3868 haec
1515 3803 1766 3870 Laetitia
1829 3812 1910 3881 et,
1934 3805 2218 3872 Tristitia
2263 3807 2523 3872 Amoris
2569 3813 2633 3873 et
2679 3805 2825 3871 Odii
2872 3808 3132 3890 species.

515 3893 641 3958 Sed
707 3894 862 3978 quia
926 3893 1129 3956 Amor
1198 3898 1262 3956 et
1328 3891 1559 3958 Odium
1625 3895 1707 3958 ad
1766 3894 2012 3978 objecta
2076 3900 2343 3961 externa
2402 3895 2786 3978 referuntur,
2831 3896 2974 3961 ideo
3018 3896 3136 3961 hos

458 4032 481 4044 -
514 3982 806 4047 Affectus
850 3981 995 4046 aliis
1041 3980 1413 4047 nominibus
1459 3983 1998 4067 significabimus3
2047 4004 2278 4069 nempe
2316 3983 2632 4050 Laetitiam
2674 3986 3137 4050 concomitante

514 4072 659 4136 idea
702 4090 915 4136 causae
962 4075 1246 4135 externae
1272 4071 1320 4151 ἰ)
1371 4071 1677 4155 Gloriam,
1723 4078 1786 4137 et
1830 4071 2177 4139 Tristitiam
2226 4075 2380 4138 huic
2417 4077 2802 4140 contrariam
2825 4073 3138 4140 Pudorem
3242 4142 3245 4149 ,

515 4160 1009 4245 appellabimus:
1057 4158 1369 4244 Intellige,
1416 4161 1674 4244 quando
1721 4159 1975 4227 Laetitia
2022 4164 2123 4229 vel
2167 4163 2449 4228 Tristitia
2494 4183 2577 4228 ex
2616 4182 2691 4230 eo
2716 4165 2940 4247 oritur,
2964 4163 3136 4248 quod

514 4249 704 4313 homo
774 4268 844 4314 se
907 4248 1159 4313 laudari
1226 4249 1327 4313 vel
1397 4252 1745 4334 vituperari
1804 4253 2038 4333 credit3
2103 4253 2261 4317 alias
2309 4251 2627 4318 Laetitiam
2674 4255 3136 4318 concomitante

511 4339 657 4403 idea
701 4357 912 4403 causae
961 4342 1246 4402 externae
1272 4339 1319 4418 ²)
1365 4337 1905 4425 Aequiescentiam
1952 4341 2021 4405 in
2066 4361 2130 4406 se
2172 4342 2324 4426 ‘ip-30,
2368 4340 2714 4408 Tristitiam
2754 4360 2908 4408 vero
2932 4342 3137 4407 eidem

513 4429 893 4492 contrariam
939 4425 1380 4492 Paenitentiam
1423 4428 1683 4493 vocabo.
1728 4426 1979 4495 Deinde
2025 4432 2180 4515 quia
2203 4436 2357 4516 (per
2382 4429 2603 4497 Ooroll.
2626 4430 2818 4516 Prop.
2845 4431 2949 4496 17.
2968 4450 3032 4515 p.
3055 4430 3137 4512 2.)

576 4694 634 4759 1)
670 4695 840 4747 Aliter
871 4696 1045 4748 Tract.
1081 4697 1234 4749 Polit.
1268 4696 1318 4749 2.
1355 4698 1383 4763 ἓ
1416 4697 1501 4750 24.

579 4762 635 4828 2)
672 4763 816 4814 Vers,
855 4764 998 4829 Belg.
1033 4769 1089 4814 et
1121 4764 1398 4816 Camerer:
1433 4767 1696 4829 internae,
1730 4766 1923 4819 collata
1957 4767 2126 4835 Expl.
2163 4768 2342 4833 Defin.
2379 4769 2579 4835 Affect.
2611 4770 2696 4822 24.
2728 4770 2796 4821 At
2825 4770 2944 4821 vide
2976 4785 3136 4835 supra

512 4826 691 4882 Schol.
724 4831 774 4881 2.
808 4829 977 4898 Prop.
1010 4831 1062 4882 8.
1089 4847 1150 4898 p.
1183 4832 1232 4896 1,
1267 4832 1395 4895 quid
1431 4833 1531 4883 sihi
1566 4835 1693 4885 velit
1730 4849 1896 4887 causa
1930 4840 2156 4887 externa
2172 4853 2195 4902 ;
2228 4851 2392 4900 quam
2427 4838 2484 4887 in
2521 4837 2724 4902 eodem,
2756 4841 2919 4901 atque
2954 4852 3137 4889 causa-

512 4899 646 4963 tum,
681 4898 961 4949 Individuo
996 4899 1175 4949 sedem
1209 4899 1407 4949 habere
1441 4901 1578 4950 nihil
1613 4906 1773 4952 vetat.
