3609 5642
1623 519 1707 564 DE
1746 516 1883 564 nno.
2977 498 3061 562 23

441 696 558 771 est,
627 707 823 773 quam
887 685 1098 754 Deum
1165 687 1295 765 fato
1364 687 1697 771 subjicere,
1768 705 1898 771 quo
1966 686 2127 751 nihil
2172 686 2252 751 de
2295 685 2432 752 Deo
2476 684 2821 751 absurdius
2867 685 3064 750 statui

439 783 668 863 potest,
737 796 930 862 quem
999 777 1400 843 ostendimus
1459 781 1591 842 tam
1639 779 1931 841 omnium
1975 794 2192 841 rerum
2237 775 2549 858 essentiae,
2599 794 2793 860 quam
2841 794 3062 840 earum

437 868 816 952 existentiae,
884 867 1153 952 primam
1222 872 1285 932 et
1352 868 1610 931 unicam
1677 865 1942 931 liberam
2004 884 2265 930 causam
2315 883 2470 931 esse.
2519 862 2732 941 Quare
2773 883 2904 929 non
2949 868 3064 946 est,

437 962 516 1022 ut
557 959 630 1021 in
675 957 796 1021 hoc
840 955 1117 1020 absurdo
1163 955 1500 1022 refutando
1548 960 1804 1040 tempus
1852 973 2247 1020 consumam.

1204 1101 1906 1168 PROPOSITIO
1996 1101 2314 1168 XXXIV.

528 1217 653 1285 Dei
690 1218 970 1304 potentia
1011 1223 1098 1283 est
1140 1217 1280 1299 ipsa
1327 1217 1530 1302 ipsius
1570 1215 1854 1282 essentia.

1400 1347 2121 1394 DEMONSTBATIQ

527 1432 631 1497 Ex
677 1434 814 1497 sola
860 1432 1031 1496 enim
1080 1431 1459 1496 necessitate
1503 1428 1626 1495 Dei
1670 1431 1965 1495 essentiae
2012 1430 2326 1513 sequitur,
2372 1427 2582 1495 Deum
2630 1448 2771 1495 esse
2808 1448 3066 1494 causam

441 1524 548 1587 sui
591 1529 738 1603 (per
779 1519 973 1604 Prop.
1020 1521 1164 1604 11.)‚
1209 1525 1273 1585 et
1317 1522 1467 1604 (per
1512 1518 1708 1603 Prop.
1754 1519 1858 1582 16.
1905 1520 2163 1604 ejusque
2214 1517 2456 1602 Geron.)
2503 1521 2793 1584 omnium
2832 1537 3067 1584 rerum.

441 1611 614 1696 Ergo
632 1612 972 1779 fipotzpti}
1013 1608 1151 1762 IIin,
1198 1629 1328 1694 qua
1371 1611 1528 1693 ipse,
1574 1613 1636 1674 et
1680 1609 1915 1690 omnia,
1959 1613 2114 1673 sunt
2159 1612 2223 1673 et
2270 1612 2489 1693 agunt,
2535 1613 2634 1674 est
2676 1610 2817 1693 ipsa
2861 1609 3067 1692 ipsius

443 1720 629 1767 essen
683 1720 738 1765 a.
844 1748 858 1763 .
968 1747 983 1762 .
1095 1747 1111 1763 .

1214 1833 1918 1902 PROPOSITIO
2011 1833 2296 1899 XXXV.

536 1948 849 2036 Quicquid
887 1949 1261 2030 concipimus
1302 1949 1376 2013 in
1419 1947 1545 2013 Dei
1583 1952 1884 2029 potestate
1920 1967 2071 2035 esse,
2117 1948 2188 2014 id
2229 1948 2570 2013 necessario
2612 1952 2720 2013 est.

1401 2081 2122 2127 nunonsrnxr1a

534 2164 858 2249 Quicquid
920 2167 1091 2231 enim
1137 2166 1206 2229 in
1253 2163 1375 2230 Dei
1421 2169 1733 2250 potestate
1779 2168 1895 2247 est,
1938 2163 2006 2228 id
2051 2169 2200 2248 (per
2246 2162 2441 2244 Prop.
2485 2161 2768 2246 praeced.)
2813 2164 2884 2225 in
2929 2163 3068 2245 ejus

444 2256 725 2320 essentia
768 2256 859 2319 ita
902 2254 1093 2321 debet
1138 2254 1609 2337 comprehendi,
1653 2258 1728 2318 ut
1773 2273 1857 2318 ex
1904 2272 1978 2318 ea
2022 2255 2383 2318 necessario
2429 2256 2755 2337 sequatur,
2779 2251 3067 2335 adeoque

444 2345 804 2410 necessario
852 2348 964 2410 est.
1015 2342 1085 2423 Q.
1129 2340 1209 2408 E.
1256 2341 1340 2408 D.
1947 2382 1954 2386 -

1209 2490 1914 2569 PROPOSITIO
2002 2488 2324 2557 XXXVI.

532 2607 711 2673 Nihil
754 2608 985 2693 existit,
1023 2628 1100 2673 ex
1142 2609 1325 2692 cujus
1366 2612 1607 2671 natura
1650 2605 1883 2688 aliquis
1926 2607 2185 2690 effectus
2229 2623 2357 2670 non
2397 2608 2713 2686 sequatur.

1395 2736 2123 2785 nnuousrnxr1a

535 2820 859 2907 Quicquid
928 2822 1165 2901 existit,
1224 2819 1346 2886 Dei
1404 2826 1700 2886 naturam
1748 2823 1887 2886 sive
1933 2820 2275 2886 essentiam
2322 2823 2494 2883 certo
2541 2823 2605 2884 et
2650 2818 3067 2882 determinato

443 2912 633 2977 modo
678 2913 979 2995 exprimit
1025 2911 1179 2996 (per
1228 2907 1447 2978 Coroll.
1491 2909 1686 2991 Prop.
1725 2909 1873 2993 25.),
1908 2911 2030 2974 hoc
2066 2914 2164 2975 est
2186 2910 2206 2988 (
2218 2927 2334 2988 per
2355 2907 2554 2989 Prop.
2580 2907 2732 2990 34.),
2759 2905 3067 2991 quicquid

445 3003 688 3084 existit,
753 3000 876 3067 Dei
934 3002 1282 3086 potentiam
1346 3020 1490 3085 quae
1536 3001 1829 3064 omnium
1871 3017 2090 3064 rerum
2135 3018 2331 3063 causa
2376 3002 2491 3080 est,
2536 3001 2708 3063 certo
2754 3000 2818 3061 et
2864 2995 3067 3060 deter-

445 3092 687 3156 minato
735 3091 922 3156 modo
970 3092 1296 3175 exprimit,
1336 3090 1627 3173 adeoque
1673 3093 1822 3172 (per
1868 3088 2067 3169 Prop.
2115 3089 2242 3170 16.)
2291 3106 2375 3152 ex
2419 3106 2494 3152 eo
2532 3086 2770 3171 aliquis
2808 3084 3070 3150 effectus

446 3181 631 3265 sequi
677 3180 879 3247 debet.
930 3177 999 3260 Q.
1044 3178 1128 3245 E.
1171 3178 1255 3244 D.

1446 3313 2077 3381 APPENDIX.

534 3441 658 3508 His
722 3441 846 3509 Dei
891 3447 1186 3508 naturam
1234 3445 1503 3527 ejusque
1545 3443 1957 3527 proprietates
2004 3439 2304 3525 explicui,
2349 3444 2441 3521 ut,
2487 3437 2661 3522 quod
2708 3438 3067 3502 necessario

447 3533 700 3612 existit3
772 3533 946 3616 quod
990 3533 1076 3597 sit
1121 3534 1389 3613 unicus;
1442 3532 1614 3616 quod
1661 3550 1745 3597 ex
1792 3531 1926 3596 sola
1971 3548 2110 3595 suae
2157 3534 2405 3593 naturae
2453 3529 2830 3593 necessitate
2876 3529 2961 3591 sit
3005 3532 3068 3591 et

448 3626 626 3705 agat3
675 3623 849 3706 quod
895 3623 979 3686 sit
1024 3622 1314 3686 omnium
1359 3639 1574 3686 rerum
1621 3639 1815 3685 causa
1859 3618 2077 3701 libera,
2122 3623 2185 3684 et
2232 3617 2585 3702 quomod03
2636 3616 2806 3702 quod
2853 3617 3068 3680 omnia

446 3710 517 3774 in
562 3707 698 3775 Deo
745 3712 891 3794 sint,
940 3715 1003 3775 et
1047 3710 1127 3775 ab
1172 3712 1311 3796 ipso
1358 3712 1447 3775 ita
1491 3709 1829 3795 pendeant,
1878 3714 1947 3773 ut
1992 3711 2133 3774 sine
2177 3709 2316 3793 ipso
2354 3725 2475 3772 nec
2514 3725 2654 3772 esse
2675 3724 2796 3770 nec
2819 3705 3067 3789 concipi

448 3801 729 3883 possint3
800 3805 863 3865 et
929 3800 1208 3884 denique
1276 3800 1445 3885 quod
1502 3801 1718 3864 omnia
1763 3819 1800 3863 a
1849 3796 1984 3863 Deo
2028 3798 2271 3863 fuerint
2313 3796 2883 3882 praedeterminata,
2934 3813 3066 3858 non

451 3888 711 3972 quidem
760 3907 843 3953 ex
887 3888 1178 3956 libertate
1224 3890 1593 3973 voluntatis,
1639 3889 1778 3953 sive
1824 3887 2115 3953 absoluto
2161 3886 2573 3970 beneplacito,
2619 3884 2732 3950 sed
2779 3902 2863 3948 ex
2887 3882 3069 3947 abso-

448 3977 585 4042 luta
650 3976 772 4043 Dei
838 3983 1086 4059 natura,
1155 3981 1294 4044 sive
1357 3977 1610 4042 infinita
1675 3977 1973 4062 potentia.
2041 3975 2242 4040 Porro
2312 3974 2682 4058 ubicunque
2742 3973 2889 4038 data
2945 3971 3071 4036 fuit

451 4069 717 4151 occasio,
785 4068 1177 4152 praejudicia,
1239 4087 1386 4152 quae
1442 4065 1752 4151 impedire
1812 4069 2125 4150 poterant,
2170 4084 2298 4150 quo
2345 4066 2561 4128 minus
2608 4081 2764 4127 meae
2810 4063 3069 4127 demon-

450 4158 788 4222 strationes
855 4158 1351 4242 perciperentur,
1417 4174 1712 4221 amovere
1771 4156 2027 4236 curavi3
2076 4153 2187 4219 sed
2236 4155 2390 4238 quia
2433 4172 2563 4217 non
2607 4170 2813 4237 pauca
2859 4151 3069 4215 adhuc

450 4252 692 4311 restant
733 4246 1129 4331 praejudicia,
1175 4264 1320 4330 quae
1365 4246 1574 4327 etiam,
1616 4246 1746 4308 imo
1794 4246 2075 4309 maxime
2117 4242 2428 4326 impedire
2474 4247 2785 4326 poterant,
2822 4245 2886 4305 et
2922 4259 3069 4325 pos-

453 4339 623 4416 sunt,
692 4354 820 4420 quo
885 4338 1101 4401 minus
1162 4336 1452 4400 homines
1498 4353 1710 4398 rerum
1759 4333 2345 4398 concatenationem
2393 4350 2488 4414 eo,
2534 4350 2661 4415 quo
2706 4333 2911 4416 ipsam
2958 4348 3069 4394 ex-

451 4425 668 4508 plicui,
735 4425 922 4490 modo
992 4425 1287 4510 amplecti
1346 4424 1613 4509 possint,
1659 4422 1877 4487 eadem
1931 4422 2037 4486 hic
2082 4420 2163 4485 ad
2209 4438 2479 4486 examen
2526 4422 2794 4485 rationis
2840 4437 3069 4484 vocare

452 4532 659 4598 operoe
727 4516 1004 4598 pretium
1073 4514 1253 4579 duxi.
1320 4512 1405 4578 Et
1465 4513 1767 4597 quoniam
1831 4512 2064 4594 omnia,
2110 4529 2254 4594 quae
2296 4510 2401 4574 hic
2443 4510 2725 4574 indicare
2770 4509 3070 4592 suscipio,

450 4603 820 4687 praejudicia
877 4603 1159 4688 pendent
1217 4602 1298 4668 ab
1359 4602 1480 4667 hoc
1528 4621 1679 4683 uno,
1725 4600 1898 4685 quod
1946 4599 2189 4665 scilicet
2234 4601 2659 4664 communiter
2703 4603 3071 4682 supponant

451 4691 761 4775 homines,
805 4712 1028 4759 omnes
1071 4711 1176 4758 res
1220 4692 1564 4775 naturales,
1607 4695 1679 4756 ut
1714 4692 1909 4775 ipsos,
1948 4695 2206 4775 propter
2241 4687 2436 4753 finem
2474 4706 2679 4772 agere,
2701 4689 2831 4752 imo
2853 4689 3067 4769 ipsum

448 4778 660 4847 Deum
740 4784 954 4848 omnia
1019 4783 1101 4848 ad
1168 4787 1413 4849 certum
1474 4782 1756 4865 aliquem
1797 4779 1992 4845 finem
2040 4779 2332 4862 dirigere,
2374 4797 2488 4862 pro
2534 4781 2704 4842 certo
2750 4780 3066 4842 statuant:

450 4870 674 4936 dicunt
739 4874 930 4957 enim,
987 4870 1196 4940 Deum
1244 4873 1458 4936 omnia
1501 4875 1759 4955 propter
1800 4869 2130 4934 hominem
2173 4867 2421 4951 fecisse,
2465 4867 2788 4931 hominem
2835 4871 3068 4947 autem,
