3609 5642
1409 544 1491 588 1111
1535 544 1867 589 mearam
1909 545 2185 590 1111111111.
2956 527 3079 589 175

1220 708 1911 775 PROPOSITIO
2002 710 2318 775 XXXIV.

547 822 741 887 Mens
803 841 935 888 non
992 821 1118 886 nisi
1173 823 1446 888 durante
1491 822 1760 908 Corpore
1799 824 2067 889 obnoaeia
2113 830 2204 889 est
2247 823 2605 908 affectibus,
2651 824 2763 910 qui
2806 825 2892 889 ad
2935 845 3083 909 pas-

458 912 664 976 siones
706 912 1097 995 referuntur.

1420 1022 2133 1067 DEMONSTRATIO.

548 1101 925 1185 Imaginatio
987 1106 1083 1166 est
1140 1100 1302 1182 idea,
1346 1121 1475 1184 qua
1521 1100 1703 1166 Mens
1748 1120 1884 1166 rem
1931 1103 2213 1187 aliquam
2263 1106 2335 1165 ut
2372 1105 2751 1185 praesentem
2801 1107 3083 1167 contem-

459 1189 671 1274 platur
738 1190 897 1271 (vide
941 1191 1075 1272 ejus
1120 1188 1309 1271 defin.
1356 1192 1428 1255 in
1472 1189 1668 1256 Schol.
1714 1189 1910 1276 Prop.
1957 1191 2060 1255 17.
2105 1211 2168 1275 p.
2216 1191 2333 1271 2.);
2398 1210 2543 1274 quae
2603 1196 2814 1255 tamen
2880 1194 3082 1275 magis

464 1278 760 1363 Corporis
806 1280 1073 1343 humani
1119 1286 1496 1362 praesentem
1542 1282 2082 1361 constitutionem,
2131 1300 2321 1364 quam
2362 1281 2456 1343 rei
2481 1283 2762 1344 externae
2786 1285 3078 1344 naturam

458 1368 700 1433 indicat
742 1374 878 1452 (per
923 1368 981 1432 2.
1030 1367 1251 1433 Coroll.
1286 1367 1478 1452 Prop.
1521 1369 1622 1432 16.
1658 1389 1720 1453 p.
1758 1369 1857 1450 2.).
1881 1369 2000 1433 Est
2021 1371 2221 1454 igitur
2242 1369 2505 1432 affectus
2529 1371 2664 1452 (per
2681 1387 2818 1451 qen.
2843 1369 3082 1453 Affect.

460 1456 689 1538 Defin.)
736 1459 1124 1542 imaginatiO,
1172 1464 1488 1541 quatenus
1529 1457 1825 1542 Corporis
1862 1463 2239 1542 praesentem
2268 1459 2783 1522 constitutionem
2809 1460 3082 1538 indicat3

460 1551 653 1630 atque
711 1547 867 1611 adeo
920 1552 1057 1631 (per
1101 1545 1296 1630 Prop.
1339 1548 1445 1611 21.
1492 1547 1709 1629 hujus)
1754 1546 1939 1612 Mens
1985 1568 2115 1612 non
2164 1549 2289 1612 nisi
2335 1548 2606 1611 durante
2653 1546 2928 1632 Corpore
2976 1547 3085 1612 ob·

462 1637 658 1699 noxia
703 1640 802 1700 est
846 1635 1195 1719 affectibus,
1243 1637 1355 1719 qui
1402 1637 1482 1701 ad
1527 1640 1861 1721 passiones
1907 1636 2290 1702 referuntur.
2341 1634 2408 1715 Q.
2455 1635 2535 1700 E.
2583 1634 2666 1699 D.

1455 1771 2114 1817 GOROLLARIUM.

524 1846 723 2003 t{linc
769 1852 1082 1936 sequitur,
1127 1851 1381 1916 nullum
1431 1853 1734 1917 Amorem
1781 1857 2015 1936 praeter
2056 1855 2360 1917 Amorem
2409 1850 2902 1915 intellectualem
2944 1869 3088 1916 esse

467 1956 522 2000 ae
587 1957 796 2003 mum.

1555 2048 2027 2095 soHoLIUM.

546 2125 614 2191 Si
681 2129 761 2192 ad
821 2129 1157 2194 hominum
1217 2150 1626 2196 communem
1674 2132 2038 2215 opinionem
2086 2129 2505 2206 attendamus,
2553 2128 2933 2212 videbimus,
2979 2148 3089 2194 eos

463 2235 599 2280 suae
668 2217 903 2282 Mentis
966 2220 1341 2284 aeternitatis
1388 2238 1528 2285 esse
1577 2220 1837 2304 quidem
1885 2222 2195 2302 conscioS,
2242 2220 2353 2284 sed
2399 2221 2574 2303 ipsos
2622 2219 2889 2283 eandem
2937 2237 3084 2304 cum

463 2304 798 2372 duratione
881 2306 1290 2391 confundere,
1366 2328 1637 2393 eamque
1704 2310 2148 2393 imaginationi
2216 2328 2329 2374 seu
2401 2308 2726 2371 memoriae
2793 2306 3089 2389 tribuere,

466 2414 657 2477 quam
703 2402 848 2479 post
893 2401 1158 2462 mortem
1205 2416 1534 2464 remanere
1580 2397 1867 2463 credunt.

1245 2532 1943 2599 PROPOSITIO
2034 2532 2318 2597 XXXV.

555 2644 731 2712 Deus
774 2667 839 2711 se
881 2648 1087 2732 ipsum
1138 2648 1363 2714 Amore
1407 2648 1813 2713 intellectuali
1854 2646 2107 2728 infinito
2148 2651 2336 2711 amat.

1429 2781 2139 2827 DEMONSTRATIO.

553 2858 731 2926 Deus
778 2868 875 2928 est
920 2861 1212 2926 absolute
1256 2861 1549 2927 infinitus
1597 2866 1732 2947 (per
1776 2859 1991 2945 Defin.
2041 2863 2099 2926 6.
2143 2882 2205 2946 p.
2252 2862 2292 2925 1
2296 2864 2351 2945 .),
2400 2861 2522 2924 hoc
2568 2864 2663 2926 est
2708 2863 2840 2943 (per
2877 2858 3092 2942 Defin.

469 2949 526 3012 6.
565 2969 627 3033 p.
674 2950 776 3033 2.,)
833 2948 954 3016 1)θί
1011 2956 1239 3015 natura
1299 2952 1536 3056 gaudet
1592 2951 1844 3016 infinita
1901 2952 2306 3035 perfectione,
2365 2949 2564 3035 idque
2607 2955 2744 3033 (per
2788 2946 2986 3032 Prop.
3032 2950 3092 3012 3.

465 3056 525 3121 p.
571 3038 655 3118 2)
701 3040 1164 3105 concomitante
1207 3041 1350 3105 idea
1397 3043 1519 3122 sui,
1561 3042 1679 3105 hoc
1726 3046 1823 3106 est
1867 3046 2008 3124 (per
2043 3039 2237 3124 Prop.
2278 3040 2382 3103 11.
2420 3044 2478 3103 et
2514 3036 2727 3120 Defin.
2757 3034 2802 3118 1)
2843 3038 2899 3101 1.
2922 3057 2984 3121 p.
3010 3037 3094 3120 1)

467 3126 610 3190 idea
655 3147 794 3193 suae
840 3149 1087 3211 causae3
1135 3134 1197 3194 et
1243 3131 1363 3193 hoc
1407 3135 1521 3212 est,
1569 3130 1742 3213 quod
1786 3133 1856 3194 in
1905 3129 2130 3194 Coroll.
2179 3128 2367 3213 Prop.
2411 3130 2514 3192 32.
2553 3129 2749 3210 huJ'us
2788 3128 3091 3192 Amorem

468 3216 961 3283 intellectualem
1009 3238 1149 3284 esse
1195 3220 1497 3284 diximus.

1232 3354 1933 3421 PROPOSITIO
2023 3353 2343 3419 XXXVI.

558 3468 802 3533 Mentis
846 3469 1044 3534 Amor
1087 3469 1519 3535 intellectualis
1563 3491 1716 3555 erqa
1759 3468 1968 3536 Deum
2013 3475 2110 3535 est
2145 3471 2279 3555 ipse
2326 3469 2450 3535 Dei
2492 3469 2711 3552 Amor,
2756 3488 2876 3555 quo
2923 3466 3097 3533 Deus

471 3577 536 3622 se
594 3559 801 3642 ipsum
845 3563 1035 3641 amat,
1078 3578 1206 3624 non
1250 3566 1561 3646 quatenus
1603 3560 1902 3641 infinitus
1945 3564 2054 3642 est,
2097 3560 2208 3625 sed
2248 3564 2562 3644 quatenus
2603 3578 2718 3642 per
2762 3559 3092 3623 essentiam

471 3646 765 3712 hwnanoe
831 3609 1092 3731 Mentis,
1149 3650 1264 3715 sub
1323 3652 1521 3734 specie
1579 3650 1945 3714 aeternitatis
2004 3649 2471 3732 consideratam,
2516 3648 2822 3732 explicari
2863 3652 3095 3732 potest,·

472 3736 583 3801 hoc
626 3741 733 3819 est,
776 3736 1021 3802 Mentis
1065 3757 1217 3822 erqa
1259 3736 1463 3804 Deum
1507 3739 1708 3804 Amor
1752 3736 2192 3804 intellectualis
2233 3758 2393 3824 pars
2437 3742 2527 3803 est
2568 3737 2806 3818 infiniti
2840 3735 3095 3819 amori-3,

471 3845 593 3910 quo
635 3824 810 3891 Deus
853 3846 917 3892 se
959 3828 1164 3912 ipsum
1208 3833 1398 3892 amat.

1441 3960 2148 4006 DEMONSTRATIQ

561 4038 687 4103 Hic
733 4038 965 4105 Mentis
1010 4041 1213 4104 Amor
1257 4041 1338 4104 ad
1383 4039 1617 4106 Mentis
1663 4044 1945 4106 actiones
1989 4041 2210 4106 referri
2249 4041 2431 4108 debet
2475 4041 2625 4124 (per
2656 4037 2876 4105 Coroll.
2902 4039 3096 4123 Prop.

476 4127 578 4192 32.
625 4127 832 4212 hujus,
876 4133 938 4193 et
975 4148 1090 4213 per
1134 4127 1329 4213 Prop.
1376 4130 1434 4193 3.
1478 4150 1540 4214 p.
1589 4130 1706 4209 3.);
1772 4133 1886 4215 qui
1938 4131 2204 4215 proinde
2250 4132 2412 4195 actio
2460 4135 2574 4212 est,
2621 4149 2748 4213 qua
2795 4127 2979 4193 Mens
3029 4147 3098 4193 se

474 4220 678 4301 ipsam
734 4219 1216 4301 contemplatur,
1262 4222 1727 4284 concomitante
1772 4220 1916 4284 idea
1960 4218 2081 4285 Dei
2127 4227 2435 4302 tanquam
2482 4238 2677 4283 causa
2723 4221 2858 4304 (per
2902 4217 3097 4301 Prop.

478 4305 579 4370 32.
624 4305 833 4391 hujus,
878 4313 936 4371 et
979 4308 1116 4387 ejus
1162 4304 1426 4391 Coroll.),
1471 4310 1592 4373 hoc
1638 4313 1735 4373 est
1781 4311 1915 4393 (per
1963 4306 2180 4374 G'oroll.
2227 4307 2422 4392 Prop.
2469 4307 2573 4371 25.
2609 4328 2672 4392 p.
2714 4306 2772 4370 1.
2797 4313 2856 4372 et
2878 4304 3098 4372 Coroll.

476 4393 669 4478 Prop.
719 4395 821 4461 11.
864 4415 925 4479 p.
972 4396 1057 4475 2.)
1124 4398 1306 4478 acti0,
1376 4418 1503 4481 qua
1572 4395 1769 4480 Deus,
1840 4402 2160 4482 quatenus
2228 4416 2343 4482 per
2409 4396 2689 4461 Mentem
2751 4397 3095 4460 humanam

477 4484 785 4568 explicari
854 4490 1081 4569 potest,
1140 4488 1420 4569 seipsum
1486 4487 1972 4571 contemplatur,
2020 4488 2485 4550 concomitante
2529 4487 2671 4550 idea
2719 4488 2855 4565 sui3
2904 4491 3100 4569 atque

477 4574 634 4637 adeo
695 4576 830 4657 (per
875 4571 1070 4658 Prop.
1115 4576 1322 4656 proec.)
1384 4576 1486 4638 hic
1532 4575 1767 4640 Mentis
1806 4576 2011 4639 Amor
2055 4595 2203 4659 pars
2249 4582 2345 4640 est
2388 4573 2625 4638 infiniti
2670 4575 2924 4658 amoris,
2971 4593 3098 4658 quo

477 4660 654 4727 Deus
701 4665 983 4747 seipsum
1031 4667 1216 4727 amat.
1268 4662 1334 4742 Q.
1382 4662 1459 4727 E.
1505 4662 1587 4726 D.

545 4908 605 4976 1)
637 4905 731 4960 Ed.
767 4909 884 4962 Pr.:
920 4908 1138 4962 Axiom.
