3609 5642
583 552 626 612 4
1633 569 1881 614 mmcns
1926 570 2081 615 Pxns
2125 570 2165 613 1.

582 742 832 820 natura,
897 737 999 803 vel
1067 737 1250 802 finita
1319 738 1422 802 vel
1489 737 1739 802 infinita
1768 734 1811 817 1)
1880 738 2173 803 existere.
2241 738 2331 802 At
2394 756 2524 801 non
2586 735 2784 800 finita.
2846 733 3012 800 Nam
3059 736 3081 817 (
3083 754 3205 819 per

585 824 792 908 Defin.
838 826 921 908 2.)
967 826 1225 892 deberet
1264 829 1593 891 terminari
1638 826 1716 890 ab
1765 826 1892 891 alia
1940 826 2225 911 ejusdem
2263 831 2529 908 naturae,
2568 845 2716 909 quae
2755 825 2946 890 etiam
2983 842 3204 891 neces-

584 918 752 980 sario
797 915 1056 981 deberet
1099 917 1373 980 existere
1418 918 1438 988 (
1449 934 1566 995 per
1606 914 1796 995 Prop.
1836 914 1949 994 7.);
1994 916 2282 999 adeoque
2323 916 2627 980 darentur
2648 915 2796 978 duae
2820 913 3200 979 substantiae

583 1005 869 1089 ejusdem
937 1004 1246 1087 attributi,
1315 1005 1488 1088 quod
1556 1009 1654 1070 est
1719 1004 2074 1069 absurdum
2144 1008 2289 1085 (per
2353 1003 2545 1084 Prop.
2606 1004 2705 1084 5.).
2764 1002 3007 1068 Existit
3053 1020 3204 1087 ergo

583 1092 850 1158 infinita.
901 1092 968 1171 Q.
1014 1092 1097 1158 E.
1146 1090 1230 1159 D.

1602 1201 1635 1246 s
1660 1201 1695 1246 0
1717 1202 1761 1246 n
1781 1201 1819 1246 0
1840 1202 1879 1246 L
1901 1202 1925 1245 1
1944 1202 1989 1247 u
2009 1203 2058 1246 Μ
2143 1181 2193 1245 Ι.

672 1281 833 1348 Cum
878 1282 1136 1347 finitum
1183 1301 1325 1347 esse
1367 1301 1593 1347 revera
1639 1284 1724 1347 sit
1769 1300 1854 1347 ex
1901 1291 2079 1367 parte
2126 1284 2395 1367 negatio,
2440 1287 2502 1346 et
2546 1282 2873 1347 infinitum
2911 1280 3205 1346 absoluta

587 1371 926 1437 affirmatio
985 1373 1348 1438 existentiae
1404 1372 1681 1456 alicujus
1727 1378 1993 1453 naturae,
2040 1374 2335 1455 sequitur
2381 1390 2531 1456 ergo
2575 1391 2661 1437 ex
2705 1372 2842 1436 sola
2887 1370 2946 1434 7.
2993 1369 3206 1454 Prop.,

585 1478 838 1527 omnem
888 1461 1312 1526 substantiam
1360 1461 1589 1526 debere
1634 1479 1775 1526 esse
1818 1460 2153 1525 infinitam.

1588 1593 2043 1639 senonum
2128 1572 2212 1638 IL

673 1674 818 1740 Non
889 1674 1113 1740 dubito
1183 1677 1342 1759 quin
1387 1675 1706 1758 omnibus,
1752 1678 1867 1760 qui
1914 1675 1994 1740 de
2037 1674 2231 1740 rebus
2277 1674 2543 1740 confuse
2582 1673 2892 1756 judicant,
2939 1691 3058 1738 nec
3102 1692 3205 1738 res

587 1783 702 1848 per
760 1767 1000 1849 primas
1046 1784 1198 1830 suas
1243 1784 1471 1830 causas
1515 1783 1781 1829 noscere
1826 1767 2321 1846 consueverunt,
2364 1762 2622 1828 difficile
2668 1765 2769 1846 sit,
2816 1764 3208 1828 demonstra-

582 1855 826 1934 ‚tionem
897 1853 955 1920 7.
1016 1853 1206 1934 Prop.
1268 1855 1633 1938 concipere;
1681 1856 1988 1918 nimirum
2036 1855 2189 1937 quia
2232 1872 2361 1917 non
2409 1853 2817 1936 distinguunt
2860 1854 3031 1917 inter
3076 1871 3209 1916 mo-

589 1942 982 2008 dificationes
1028 1943 1529 2008 substantiarum
1577 1948 1640 2007 et
1682 1944 1857 2026 ipsas
1896 1942 2306 2025 substantias,
2350 1960 2563 2025 neque
2607 1943 2838 2023 sciunt,
2887 1941 3208 2026 quomodo

589 2051 691 2097 res
757 2032 1216 2117 producuntur.
1277 2032 1469 2099 Unde
1526 2031 1618 2113 fit,
1668 2038 1741 2096 ut
1784 2033 2192 2117 principium,
2239 2031 2412 2115 quod
2455 2050 2559 2096 res
2604 2030 2930 2096 naturales
2977 2030 3210 2095 habere

588 2122 826 2204 vident,
893 2121 1271 2186 substantiis
1331 2121 1671 2204 affingant3
1734 2124 1850 2205 qui
1909 2123 2081 2186 enim
2131 2140 2311 2187 veras
2357 2139 2571 2185 rerum
2618 2139 2846 2185 causas
2890 2121 3209 2204 ignorant,

589 2212 804 2275 omnia
848 2210 1273 2293 confundunt,
1318 2220 1382 2276 et
1427 2213 1567 2276 sine
1613 2210 1747 2274 ulla
1792 2212 2025 2276 mentis
2069 2210 2492 2295 repugnantia
2537 2215 2667 2274 tam
2714 2209 2972 2274 arbores
3013 2228 3207 2293 quam

589 2300 880 2364 homines
946 2300 1283 2383 loquentes
1350 2299 1622 2385 fingunt,
1689 2304 1753 2364 et
1821 2301 2110 2366 homines
2178 2306 2309 2364 tam
2371 2318 2454 2364 ex
2514 2298 2836 2383 lapidibus
2883 2318 3076 2382 quam
3124 2317 3209 2363 ex

589 2391 834 2454 semine
899 2388 1180 2471 formari,
1246 2395 1310 2454 et
1377 2407 1798 2474 quascunque
1865 2389 2102 2453 formas
2169 2390 2235 2452 in
2300 2388 2456 2453 alias
2504 2407 2927 2472 quascunque
2972 2390 3206 2452 mutari

589 2479 1041 2563 imaginantur.
1088 2478 1194 2543 Sic
1238 2481 1449 2562 etiam,
1496 2481 1609 2563 qui
1647 2483 1945 2543 naturam
1984 2478 2267 2542 divinam
2302 2497 2450 2542 cum
2476 2478 2758 2542 humana
2781 2475 3206 2560 confundunt,

585 2566 772 2632 facile
822 2564 959 2632 Deo
1004 2567 1267 2632 affectus
1315 2568 1630 2633 humanos
1675 2566 1989 2649 tribuunt,
2035 2568 2389 2651 praesertim
2437 2567 2744 2651 quamdiu
2790 2568 2980 2631 etiam
3023 2563 3206 2651 igno-

588 2662 751 2739 rant,
816 2656 1131 2739 quomodo
1203 2656 1470 2722 affectus
1530 2658 1599 2720 in
1648 2663 1863 2721 mente
1905 2656 2366 2740 producuntur.
2411 2655 2481 2721 Si
2526 2661 2740 2721 autem
2789 2656 3079 2721 homines
3124 2655 3206 2719 ad

589 2750 884 2811 naturam
955 2745 1330 2810 substantiae
1392 2746 1811 2828 attenderent,
1869 2747 2132 2810 minime
2178 2746 2257 2811 de
2301 2746 2565 2810 veritate
2611 2744 2669 2808 7.
2714 2743 2906 2825 Prop.
2954 2744 3205 2808 dubita-

586 2840 763 2916 rent;
811 2835 942 2899 imo
987 2834 1127 2898 haec
1172 2834 1363 2919 Prop.
1412 2835 1712 2900 omnibus
1760 2837 2018 2899 axioma
2064 2841 2251 2917 esset,
2294 2841 2358 2900 et
2401 2836 2569 2899 inter
2607 2835 2899 2899 notiones
2922 2853 3206 2898 commu-

586 2942 703 2989 nes
772 2929 1234 2988 numeraretur.
1301 2922 1363 2987 N
1365 2944 1469 2988 am
1536 2942 1650 3008 per
1709 2924 2135 2989 substantiam
2195 2924 2623 3009 intelligerent
2667 2923 2751 3005 id,
2799 2923 2973 3007 quod
3019 2925 3089 2987 in
3135 2942 3206 2988 se

588 3018 686 3077 est
723 3018 785 3079 et
830 3031 943 3096 per
987 3030 1056 3077 se
1102 3013 1476 3098 concipitur,
1522 3013 1642 3077 1100
1688 3018 1783 3078 est
1828 3014 1914 3096 id,
1961 3015 2147 3097 cujus
2192 3015 2471 3098 cognitio
2515 3032 2649 3077 non
2692 3013 2937 3097 indiget
2983 3014 3203 3098 cogni-

585 3102 760 3166 tione
828 3102 1091 3166 alterius
1160 3102 1270 3167 rei.
1341 3101 1466 3168 Per
1533 3102 2036 3168 modificationes
2082 3108 2294 3167 autem
2341 3102 2428 3186 id,
2474 3102 2646 3185 quod
2689 3105 2761 3166 in
2806 3103 2930 3166 alio
2978 3106 3093 3186 est,
3140 3108 3204 3167 et

588 3209 864 3274 quarum
932 3197 1277 3276 conceptus
1346 3213 1385 3256 a
1451 3198 1761 3276 conceptu
1821 3193 1933 3275 rei,
1991 3194 2060 3255 in
2125 3212 2255 3276 qua
2299 3196 2469 3273 sunt,
2512 3191 2853 3256 formatur:
2903 3192 3205 3275 quocirca

585 3279 1128 3344 modificationum
1197 3300 1325 3344 non
1387 3283 1801 3346 existentium
1852 3300 2034 3346 veras
2077 3281 2254 3346 ideas
2297 3300 2642 3364 possumus
2688 3281 2953 3361 habere;
3002 3300 3205 3364 quan-

587 3368 949 3452 doquidem,
1008 3372 1303 3453 quamvis
1349 3389 1478 3434 non
1524 3373 1802 3436 existant
1849 3375 1996 3434 actu
2041 3374 2222 3436 extra
2265 3370 2679 3452 intellectum,
2722 3389 2944 3435 earum
2989 3376 3203 3434 tamen

585 3460 862 3523 essentia
905 3460 995 3523 ita
1038 3460 1105 3522 in
1153 3459 1276 3523 alio
1322 3460 1897 3544 comprehenditur,
1942 3464 2016 3524 ut
2051 3480 2166 3544 per
2201 3459 2371 3524 idem
2396 3461 2646 3544 concipi
2667 3462 2933 3544 possint.
2957 3459 3202 3525 Verum

585 3546 1087 3612 substantiarum
1136 3549 1368 3613 veritas
1413 3553 1596 3614 extra
1638 3549 2035 3614 intellectum
2082 3568 2212 3613 non
2259 3554 2374 3631 est,
2422 3550 2551 3613 nisi
2595 3551 2665 3612 in
2711 3567 2781 3613 se
2823 3549 2999 3633 ipsiS,
3046 3550 3201 3633 quia

582 3655 697 3720 per
741 3656 812 3702 se
856 3638 1324 3720 concipiuntur.
1371 3635 1440 3701 Si
1489 3638 1634 3721 quis
1682 3655 1834 3722 ergo
1881 3638 2135 3721 diceret,
2181 3657 2251 3703 se
2296 3638 2530 3702 claram
2569 3644 2633 3703 et
2670 3637 3056 3720 distinctam,
3080 3639 3200 3703 hoc

583 3731 681 3790 est
726 3744 942 3791 veram
986 3726 1190 3790 ideam
1240 3725 1616 3791 substantiae
1665 3727 1915 3808 habere,
1959 3732 2021 3792 et
2065 3727 2487 3792 nihilominus
2525 3726 2838 3810 dubitare,
2857 3747 3018 3792 num
3057 3728 3202 3792 talis

583 3813 943 3879 substantia
1006 3816 1260 3898 existat,
1328 3815 1496 3880 idem
1560 3816 1769 3881 hercle
1838 3822 2023 3899 esset,
2067 3835 2141 3880 ac
2188 3819 2245 3881 si
2290 3817 2547 3897 diceret,
2592 3835 2662 3881 se
2708 3835 2922 3881 veram
2969 3816 3202 3882 habere

580 3903 811 3985 ideam,
869 3909 932 3969 et
993 3904 1412 3969 nihilominus
1473 3904 1782 3986 dubitare,
1842 3925 2002 3970 num
2029 3905 2215 3971 -falsa
2260 3906 2344 3970 sit
2388 3908 2485 3984 (ut
2530 3907 2685 3971 satis
2732 3907 3085 3971 attendenti
3128 3905 3202 3970 fit

583 3993 1050 4074 manifestum);
1122 3996 1243 4076 vel,
1309 3994 1366 4058 si
1435 3997 1583 4078 quis
1648 4000 1903 4077 statuat,
1970 3994 2392 4060 substantiam
2455 3997 2674 4077 creari,
2720 3996 2915 4060 simul
2960 3997 3200 4076 statuit,

579 4081 787 4146 ideam
856 4081 1082 4147 falsam
1149 4082 1382 4147 factam
1452 4102 1593 4148 esse
1660 4102 1896 4165 veram,
1965 4104 2095 4168 quo
2154 4102 2310 4149 sane
2353 4084 2515 4147 nihil
2559 4084 2902 4149 absurdius
2949 4086 3201 4168 concipi

577 4176 820 4254 potest3
869 4172 1158 4255 adeoque
1201 4172 1532 4238 fatendum
1579 4175 1938 4238 necessario
1984 4178 2099 4255 est,
2144 4173 2524 4238 substantiae
2568 4175 2994 4254 existentiam,
3032 4175 3200 4239 sicut

580 4260 719 4342 ejus
789 4263 1153 4343 essentiam,
1220 4267 1521 4327 aeternam
1586 4281 1728 4327 esse
1787 4262 2137 4327 veritatem.
2184 4263 2405 4346 Atque
2449 4263 2600 4326 hinc
2645 4263 2770 4327 alio
2814 4262 3003 4327 modo
3050 4281 3198 4327 con-

579 4349 839 4414 cludere
905 4369 1268 4434 possumus,
1335 4370 1466 4414 non
1536 4351 1676 4415 dari
1743 4353 1873 4416 nisi
1919 4354 2176 4416 unicam
2225 4352 2512 4435 ejusdem
2560 4357 2828 4434 naturae,
2875 4352 3048 4436 quod
3093 4352 3198 4416 1110

580 4438 916 4503 ostendere
983 4458 1194 4522 operae
1262 4442 1540 4523 pretium
1611 4459 1751 4505 esse
1823 4441 1999 4504 duxi.
2069 4439 2161 4504 Ut
2227 4446 2440 4506 autem
2502 4441 2622 4505 1100
2683 4441 2906 4506 ordine
2948 4440 3199 4524 faciam,

576 4528 931 4592 notandum
979 4533 1075 4593 est
1119 4528 1188 4610 L,
1232 4548 1449 4594 veram
1497 4530 2015 4613 uniuscujusque
2059 4530 2153 4594 rei
2199 4530 2632 4595 definitionem
2673 4530 2834 4594 nihil
2870 4531 3199 4595 involvere

576 4635 788 4701 neque
855 4619 1218 4701 exprimere
1285 4624 1518 4702 praeter
1574 4622 1666 4684 rei
1729 4619 2010 4684 definitae
2055 4624 2366 4683 naturam.
2414 4617 2519 4683 Ex
2562 4638 2691 4703 quo
2738 4621 3034 4704 sequitur
3078 4621 3199 4684 1100

572 4705 675 4789 IL,
742 4724 972 4790 nempe
1035 4707 1280 4771 nullam
1342 4706 1775 4773 definitionem
1822 4713 2066 4773 certum
2115 4708 2395 4792 aliquem
2443 4728 2786 4774 numerum
2832 4708 3198 4774 individuo-

637 4937 695 5006 1)
730 4939 1004 4992 Fortasse:
1040 4939 1125 4992 vel
1155 4939 1376 5005 finitam
1406 4940 1490 4993 vel
1521 4939 1818 5006 infinitam.
