3609 5642
592 510 717 575 180
1623 530 1871 576 nmmum
1914 530 2068 575 PARS
2114 531 2175 574 v.

587 694 853 781 Sapiens
920 697 1172 781 polleat,
1215 699 1549 782 potiorque
1592 698 1675 763 sit
1717 699 1960 783 ignaro,
2006 700 2121 782 qui
2166 697 2300 763 sola
2344 695 2611 761 libidine
2654 698 2881 782 agitur.
2929 694 3211 781 Ignarus

587 786 778 869 enim,
820 791 1247 870 praeterquam
1293 807 1332 851 a
1374 788 1586 852 causis
1624 790 1909 852 externis
1947 788 2172 852 multis
2210 786 2418 851 modis
2454 788 2749 870 agitatur,
2772 804 2892 851 uec
2914 804 3207 870 unquam

587 891 739 938 vera
796 876 996 940 animi
1056 878 1528 963 acquiescentia
1588 877 1853 973 potitqu
1890 877 2052 940 vivit
2103 881 2408 960 praeterea
2451 876 2557 940 sui
2603 880 2667 940 et
2709 873 2832 939 Dei
2878 880 2940 939 et
2985 894 3209 941 rerum

588 964 773 1046 quasi
840 955 1103 1047 i‘nseiuS,
1121 953 1138 966 “
1165 950 1227 1030 e't
1287 954 1570 1030 simula&
1599 953 1733 1049 pati
1779 959 2032 1045 desinit,
2079 965 2275 1029 simul
2319 965 2508 1029 etiam
2556 982 2698 1029 esse
2743 964 2994 1030 desinit.
3043 963 3211 1029 Cum

589 1057 810 1117 eontra
877 1054 1147 1136 sapiens,
1216 1059 1535 1138 quatenus
1594 1059 1667 1118 ut
1727 1055 1875 1119 talis
1935 1054 2394 1135 consideratur,
2452 1053 2566 1117 vix
2628 1055 2843 1118 animo
2891 1059 3209 1137 movetur,

589 1141 701 1206 sed
744 1142 849 1205 sui
894 1146 957 1206 et
1000 1140 1122 1207 Dei
1168 1147 1229 1207 et
1274 1161 1488 1208 rerum
1531 1148 1771 1208 aeterna
1809 1143 2085 1227 quadam
2122 1143 2497 1208 necessitate
2534 1143 2852 1224 nonenim,
2873 1161 3208 1226 uunquam

589 1247 730 1294 esse
790 1229 1041 1313 desinit,
1087 1231 1200 1296 sed
1253 1250 1504 1317 semper
1547 1251 1701 1297 vera
1744 1233 1944 1297 animi
1988 1232 2457 1316 acquiescentia
2501 1233 2758 1315 potitur.
2805 1230 2875 1296 Si
2911 1232 3043 1313 jam
3084 1233 3209 1315 via,

591 1338 783 1402 quam
831 1320 913 1384 ad
957 1320 1096 1384 haee
1141 1320 1373 1386 ducere
1418 1322 1683 1403 ostendi,
1728 1321 2044 1406 perardua
2088 1320 2398 1403 videatur,
2434 1320 2711 1385 inveniri
2750 1323 2962 1385 tamen
2986 1324 3212 1403 potest.

589 1406 673 1471 Et
718 1426 872 1473 sane
916 1409 1190 1474 arduum
1236 1408 1423 1475 debet
1464 1428 1623 1493 esse,
1668 1410 1841 1495 quod
1886 1409 2043 1474 adeo
2080 1428 2223 1474 raro
2262 1410 2592 1494 reperitur.
2633 1406 2760 1485 Qui
2798 1411 2972 1473 enim
2996 1414 3211 1493 posset

588 1496 745 1573 fieri,
804 1499 861 1562 si
923 1498 1099 1563 salue
1143 1500 1210 1562 in
1254 1504 1552 1583 promptu
1596 1504 1782 1580 esset,
1828 1503 1891 1564 et
1937 1499 2078 1562 sine
2123 1517 2355 1582 magno
2403 1497 2620 1564 labore
2662 1499 2928 1581 reperiri
2971 1502 3210 1581 posset,

589 1590 664 1650 ut
730 1584 810 1650 ab
871 1585 1173 1652 omnibus
1230 1586 1364 1653 fere
1423 1588 1896 1673 negligeretur?
1949 1586 2074 1652 Sed
2134 1589 2350 1651 omnia
2394 1587 2703 1672 praeclara
2746 1591 2877 1652 tam
2927 1585 3212 1651 difficilia

591 1694 784 1759 quam
830 1694 972 1741 rara
1017 1682 1186 1742 sunt.

1681 2297 2128 2364 FINIS.
