3609 5642
509 499 635 567 100
1523 520 1773 567 mmcns
1818 520 1973 566 mus
2015 520 2101 566 111.

500 709 647 755 rum
719 689 1085 770 affectuum,
1143 707 1371 773 nempe
1417 687 1819 772 Cupiditatis,
1864 688 2153 773 Laetitiae,
2198 694 2263 754 et
2304 687 2603 754 Tristitiae
2652 689 2969 771 oriuntur,
3016 707 3125 754 ex·

501 780 822 863 plicuisse,
891 795 1132 862 perque
1192 779 1427 861 primas
1486 796 1641 843 suas
1702 797 1933 843 causas
1994 778 2368 844 ostendisse.
2413 778 2517 843 Ex
2564 778 2803 863 quibus
2849 783 3128 862 apparet,

504 887 623 933 nos
692 888 731 932 a
788 869 1003 932 causis
1064 869 1347 931 externis
1394 867 1618 933 multis
1664 867 1872 932 modis
1919 868 2162 951 agitari,
2208 886 2460 952 nosque
2503 867 2767 952 perinde
2811 873 2886 932 ut
2932 868 3126 932 maris

504 958 715 1039 undae,
782 978 822 1022 a
880 958 1215 1021 contrariis
1274 957 1483 1021 ventis
1526 959 1799 1041 agitatae,
1842 955 2161 1039 fluctuari,
2209 958 2410 1021 nostri
2456 962 2728 1023 eventus
2773 961 2968 1040 atque
3010 955 3128 1020 fati

501 1048 756 1111 inscios.
828 1047 917 1110 At
962 1045 1117 1127 dixi,
1162 1064 1265 1110 me
1308 1046 1665 1129 praecipuos
1709 1049 1982 1128 tantum,
2025 1064 2158 1110 non
2205 1064 2446 1128 omnes,
2492 1047 2608 1130 qui
2653 1046 2790 1110 dari
2837 1050 3128 1130 possunt,

504 1137 702 1201 animi
769 1133 1104 1199 conflictus
1172 1134 1543 1199 ostendisse.
1613 1133 1779 1198 Nam
1828 1135 2049 1200 eadem
2097 1137 2221 1217 via,
2269 1155 2397 1220 qua
2442 1154 2657 1218 supra,
2702 1134 3125 1219 procedendo,

502 1225 689 1289 facile
754 1243 1103 1309 possumus
1149 1223 1501 1306 ostendere,
1543 1224 1850 1289 Amorem
1896 1242 2037 1289 esse
2073 1225 2373 1307 Junctum
2422 1223 2846 1306 Poenitentiae,
2889 1221 3126 1308 Dedig-

503 1315 767 1396 nationi,
811 1312 1071 1396 Pudori‚
1117 1318 1232 1377 etc.
1281 1311 1420 1376 Imo
1467 1314 1823 1398 unicuique
1868 1331 1953 1377 ex
1990 1314 2124 1396 jam
2171 1313 2359 1378 dictis
2398 1314 2567 1378 clare
2604 1319 2895 1378 constare
2917 1313 3128 1396 credo,

504 1402 770 1468 affectus
814 1407 908 1467 tot
954 1401 1162 1466 modis
1206 1401 1316 1465 alii
1362 1421 1509 1466 cum
1559 1403 1701 1467 aliis
1737 1421 1928 1486 posse
1965 1404 2281 1487 componi,
2318 1402 2601 1487 indeque
2623 1406 2718 1466 tot
2739 1404 3124 1467 variationes

506 1494 679 1575 oriri,
724 1498 798 1557 ut
842 1491 1022 1556 nullo
1068 1509 1338 1555 numero
1386 1490 1636 1556 definiri
1683 1496 1939 1575 queant.
1986 1490 2111 1556 Sed
2156 1492 2238 1556 ad
2284 1510 2501 1557 meum
2547 1493 2919 1557 institutum
2965 1509 3124 1575 prae-

504 1583 729 1665 cipuos
795 1585 1046 1645 tantum
1117 1582 1593 1645 enumeravisse
1662 1579 1933 1660 sufficit3
2005 1600 2154 1645 nam
2214 1581 2469 1665 reliqui,
2516 1600 2679 1665 quos
2725 1582 2931 1662 omisi,
2976 1581 3124 1664 plus

503 1672 889 1734 curiositatis
937 1688 1127 1754 quam
1175 1669 1471 1733 utilitatis
1517 1669 1839 1735 haberent.
1884 1669 2188 1735 Attamen
2229 1670 2308 1734 de
2345 1672 2585 1735 Amore
2623 1671 2742 1733 hoc
2767 1670 3122 1733 notandum

501 1765 715 1842 restat,
777 1759 950 1844 quod
1012 1758 1258 1823 scilicet
1304 1760 1655 1842 saepissime
1699 1759 2032 1843 contingit,
2076 1759 2228 1823 dum
2275 1778 2363 1841 re,
2408 1779 2601 1844 quam
2649 1758 3126 1843 appetebamus,

500 1847 795 1931 fruimur,
856 1854 930 1913 ut
991 1846 1237 1932 Corpus
1295 1866 1380 1912 ex
1426 1866 1499 1913 ea
1543 1846 1852 1913 fruitione
1890 1867 2122 1912 novam
2169 1850 2459 1934 acquirat
2503 1849 3044 1932 constitutionem,
3086 1867 3125 1912 a

503 1958 631 2023 qua
698 1939 883 2003 aliter
949 1937 1426 2018 determinatur,
1485 1942 1548 2001 et
1592 1937 1733 2001 aliae
1777 1956 1995 2002 rerum
2040 1939 2355 2022 imagines
2398 1939 2468 2002 in
2516 1957 2591 2003 eo
2637 1938 3015 2017 excitantur,
3060 1942 3123 2001 et

503 2026 697 2093 simul
742 2025 926 2092 Mens
971 2026 1097 2090 alia
1138 2026 1495 2110 imaginari,
1540 2027 1792 2111 aliaque
1838 2045 2073 2110 cupere
2115 2028 2355 2111 incipit.
2394 2026 2514 2092 Ex.
2553 2047 2646 2112 gr.
2684 2046 2832 2091 cum
2857 2025 3122 2111 aliquid,

505 2116 677 2201 quod
761 2136 879 2181 nos
947 2133 1171 2199 sapore
1239 2114 1554 2180 delectare
1624 2117 1804 2198 solet,
1867 2117 2316 2200 imaginamur,
2384 2117 2606 2181 eodem
2673 2115 2824 2196 frui,
2890 2133 3121 2199 nempe

502 2205 834 2270 comedere
899 2206 1214 2288 cupimus.
1272 2206 1361 2269 At
1408 2204 1718 2288 quamdiu
1764 2205 1985 2270 eodem
2031 2207 2124 2270 sic
2166 2205 2463 2287 fruimur,
2511 2205 2878 2270 stomachus
2922 2204 3122 2268 adim-

501 2295 732 2378 pletur,
800 2292 1175 2378 Corpusque
1243 2293 1425 2357 aliter
1492 2296 1923 2359 constituitur.
1994 2294 2062 2359 Si
2129 2296 2343 2378 igitur,
2411 2294 2689 2379 Corpore
2742 2295 2876 2377 jam
2938 2294 3121 2358 aliter

503 2384 829 2468 disposit0,
886 2383 1169 2466 ejusdem
1218 2381 1343 2446 cibi
1388 2384 1619 2467 imago,
1666 2384 1819 2468 quia
1864 2385 2003 2467 ipse
2048 2402 2328 2467 proesens
2372 2384 2570 2467 adest,
2611 2383 3016 2463 fomentetur,
3061 2388 3123 2447 et

500 2480 967 2557 consequenter
1027 2478 1296 2536 conatus
1356 2472 1566 2556 etiam,
1611 2474 1749 2537 sive
1793 2471 2143 2557 Cupiditas,
2186 2473 2463 2538 eundem
2512 2472 2921 2554 comedendi;
2968 2471 3123 2535 huic

502 2560 849 2646 Cupiditati
895 2580 1009 2627 seu
1057 2562 1315 2625 conatui
1353 2580 1523 2624 nova
1566 2560 1678 2625 illa
1715 2563 2089 2627 constitutio
2128 2561 2531 2647 repugnabit,
2568 2569 2632 2627 et
2655 2567 3123 2644 consequenter

499 2650 645 2732 cibi,
714 2669 903 2734 quem
960 2649 1433 2734 appetebamuS,
1477 2653 1820 2733 praesentia
1866 2651 2088 2717 odiosa
2134 2654 2273 2734 erit,
2317 2659 2382 2716 et
2425 2652 2546 2715 hoc
2592 2655 2706 2731 est,
2754 2650 2922 2735 quod
2969 2648 3122 2714 Fas·

498 2740 729 2804 tidium
800 2747 864 2803 et
929 2737 1212 2803 'l'aedium
1284 2758 1603 2804 vocamus.
1668 2738 1984 2804 Caeterum
2048 2739 2345 2824 Corporis
2390 2741 2754 2805 affectiones
2801 2745 3122 2820 externas,

500 2848 645 2914 quae
704 2830 773 2892 in
833 2827 1164 2893 affectibus
1209 2826 1648 2910 observantur,
1698 2835 1770 2893 ut
1817 2835 1970 2894 sunt
2012 2836 2267 2906 tremor,
2308 2831 2492 2913 livor,
2538 2830 2883 2914 singultus,
2927 2831 3119 2910 risus,

497 2923 613 2983 etc.
682 2917 957 3002 neglexi,
1019 2919 1172 3001 quia
1217 2917 1298 2981 ad
1344 2917 1554 2982 solum
1603 2917 1850 3002 Corpus
1897 2918 2143 3003 absque
2188 2919 2322 2984 ulla
2364 2920 2447 2984 ad
2489 2918 2770 2984 Mentem
2815 2918 3123 2983 relatione

496 3007 878 3072 referuntur.
927 3004 1223 3091 Denique
1270 3005 1348 3070 de
1393 3005 1735 3072 affectuum
1784 3007 2267 3073 definitionibus
2314 3009 2607 3092 quaedam
2644 3007 2924 3072 notanda
2946 3012 3122 3089 sunt,

498 3116 660 3181 quas
705 3102 1035 3179 propterea
1079 3096 1183 3159 hic
1230 3094 1452 3160 ordine
1495 3103 1797 3181 repetam,
1841 3103 1904 3162 et
1941 3098 2095 3182 quid
2133 3099 2204 3161 in
2228 3116 2620 3182 unaquaque
2644 3096 3119 3162 observandum

496 3191 612 3269 est,
656 3185 884 3250 iisdem
929 3186 1349 3269 interponam.

993 3332 1685 3400 AFFECTUUM
1751 3332 2613 3400 DEFINITIONES.

1785 3470 1839 3536 I.

587 3584 921 3671 Cupiditas
986 3590 1081 3650 est
1141 3587 1279 3669 ipsa
1340 3584 1620 3650 hominis
1682 3586 1977 3667 essentia,
2038 3588 2358 3669 quatenus
2404 3603 2489 3649 ex
2533 3584 2680 3649 data
2726 3602 3119 3669 quacunque

493 3676 632 3758 ejus
680 3675 1009 3740 affectione
1055 3674 1472 3739 determinata
1517 3674 1875 3758 concipitur
1920 3673 2001 3738 ad
2046 3674 2291 3758 aliquid
2337 3674 2674 3759 agendum.

1515 3806 2096 3852 EXPLICA'I'IO.

580 3887 882 3953 Diximus
928 3906 1123 3971 supra
1167 3888 1236 3951 in
1281 3885 1536 3951 Scholio
1583 3887 2051 3971 Propositionis
2101 3888 2157 3951 9.
2198 3888 2394 3971 hujus
2435 3887 2662 3970 Partis,
2687 3886 3117 3971 Cupiditatem

491 3995 632 4043 esse
677 3978 1021 4061 appetitum
1071 3995 1219 4040 cum
1266 3976 1555 4058 ejusdem
1602 3978 2026 4058 conscientia3
2077 3979 2428 4061 appetitum
2476 3981 2690 4041 autem
2730 3996 2870 4041 esse
2907 3978 3117 4060 ipsam

491 4067 766 4132 hominis
834 4066 1194 4147 essentiam,
1261 4060 1610 4149 quatenus'
1650 4066 2067 4131 determinata
2136 4072 2234 4130 est
2299 4066 2380 4131 ad
2442 4085 2517 4132 ea
2578 4066 2895 4150 agendum
2971 4084 3118 4149 quae

486 4156 691 4239 ipsius
760 4155 1231 4221 conservationi
1298 4156 1678 4219 inserviunt.
1748 4154 1876 4219 Sed
1934 4157 2000 4218 in
2066 4155 2287 4220 eodem
2334 4154 2588 4220 Scholio
2635 4155 2824 4220 etiam
2872 4155 3119 4238 monui,

489 4263 591 4309 me
636 4263 857 4309 revera
902 4246 1069 4309 inter
1117 4244 1471 4308 humanum
1520 4244 1871 4329 appetitum
1922 4248 1985 4309 et
2031 4242 2459 4328 Cupiditatem
2498 4244 2744 4309 nullam
2767 4261 3118 4328 agnoscere

489 4332 927 4420 differentiam.
997 4331 1163 4396 Nam
1226 4333 1361 4397 sive
1407 4333 1598 4397 homo
1646 4333 1751 4398 sui
1797 4333 2118 4417 appetitus
2164 4335 2247 4398 sit
2268 4385 2271 4388 2
2292 4335 2610 4416 conscius,
2655 4334 2792 4398 sive
2836 4351 2969 4398 non
3015 4333 3122 4416 sit,

488 4428 701 4487 manet
767 4427 981 4487 tamen
1049 4424 1369 4506 appetitus
1440 4442 1613 4487 unus
1680 4423 2008 4507 idemque3
2087 4426 2282 4506 atque
2348 4422 2524 4503 adeo,
2567 4441 2651 4487 ne
2696 4422 3114 4506 tautologiam

487 4513 886 4577 committere
954 4510 1223 4593 viderer,
1292 4510 1716 4595 Cupiditatem
1784 4531 1900 4595 per
1959 4512 2312 4596 appetitum
2376 4512 2698 4595 explicare
2756 4512 2955 4594 nolui,
3000 4511 3115 4576 sed

485 4601 749 4666 eandem
813 4602 905 4664 ita
966 4598 1230 4665 definire
1299 4601 1539 4683 studui,
1587 4606 1659 4665 ut
1705 4620 1929 4666 omnes
1975 4601 2275 4665 humanae
2318 4605 2569 4665 naturae
2612 4607 2901 4683 conatus,
2948 4619 3114 4685 quos

483 4692 744 4756 nomine
790 4690 1129 4774 appetitus,
1173 4688 1544 4773 voluntatis,
1592 4689 1980 4773 cupiditatis,
2026 4690 2130 4755 vel
2173 4692 2452 4774 impetus
2498 4689 2955 4775 significamus,
2981 4709 3113 4754 una

482 4779 1099 4864 comprehenderem.
1145 4777 1485 4843 Potueram
1532 4780 1703 4844 enim
1754 4779 1983 4863 dicere,
2022 4777 2446 4863 Cupiditatem
2484 4797 2626 4845 esse
2662 4781 2870 4864 ipsam
2909 4779 3112 4844 homi-

481 4870 582 4936 nis
650 4869 1011 4954 essentiam,
1072 4872 1393 4956 quatenus
1454 4868 1873 4934 determinata
1932 4869 2290 4955 concipitur
2333 4869 2415 4933 ad
2459 4868 2705 4953 aliquid
2751 4869 3108 4954 agendum3
