3609 5642
560 495 685 557 142
1565 513 1814 559 merens
1857 513 2011 557 nus
2055 514 2141 558 Ν.

550 681 896 763 quicquam
961 683 1336 764 metuerent,
1404 698 1533 764 quo
1603 680 1881 745 vinculis
1947 682 2088 765 conj
2095 682 2254 766 ungi
2316 682 2796 767 constringique
2853 680 3168 766 possent?

546 766 763 833 Terret
789 766 835 849 ¹)
895 768 1152 853 vulgus,
1196 769 1324 833 nisi
1382 773 1659 851 metuat3
1712 788 1913 854 quare
1957 788 2088 833 non
2135 772 2389 854 mirum,
2438 771 2612 855 quod
2654 769 3008 855 Prophetes,
3055 771 3170 853 qui

545 876 678 921 non
730 876 1104 942 paucorum,
1147 857 1258 923 sed
1305 860 1634 923 communi
1679 860 1941 924 utilitati
1987 859 2472 943 consuluerunt,
2515 864 2844 944 tantopere
2888 858 3171 925 Humili-

546 950 760 1030 tatem,
825 946 1298 1029 Poenitentiam,
1360 952 1422 1013 et
1480 945 1926 1014 Reverentiam
1986 946 2588 1013 commendaverint.
2635 948 2719 1014 Et
2763 967 3003 1032 revera,
3049 949 3166 1032 qui

545 1036 722 1101 hisce
788 1035 1118 1101 affectibus
1186 1042 1340 1101 sunt
1407 1035 1689 1121 obnoxii,
1735 1037 1938 1101 multo
1981 1037 2236 1102 facilius
2285 1057 2481 1122 quam
2527 1038 2636 1102 alii
2683 1037 2834 1101 duci
2878 1042 3170 1122 possunt,

550 1129 622 1188 ut
687 1124 943 1190 tandem
990 1142 1075 1189 ex
1119 1124 1319 1190 ductu
1363 1124 1651 1191 Rationis
1700 1127 1939 1209 vivant,
1983 1127 2101 1191 hoc
2145 1131 2262 1211 est,
2309 1132 2383 1192 ut
2426 1126 2611 1192 liberi
2657 1128 2804 1210 sint,
2848 1131 2911 1191 et
2953 1126 3168 1191 beato·

548 1232 694 1277 rum
738 1214 871 1277 vita
914 1212 1228 1279 fruantur.

1406 1301 2106 1369 PROPOSITIO
2196 1303 2328 1369 LV.

635 1412 929 1479 Maxima
971 1412 1280 1495 Superbia
1314 1414 1409 1481 vel
1451 1415 1733 1500 Abjectio
1777 1421 1871 1482 est
1911 1416 2191 1481 maxima
2234 1417 2342 1482 sui
2383 1416 2768 1502 iquorautia.

1504 1547 2212 1594 DnnousrRAr1o

547 1634 850 1714 patet-ex
894 1628 1099 1696 Defin.
1149 1630 1251 1693 28.
1298 1633 1361 1694 et
1410 1630 1512 1694 29.
1557 1629 1781 1696 Affect.

1384 1765 2085 1833 PROPOSITIO
2176 1765 2341 1832 LVI.

634 1880 932 1946 Maxima
990 1877 1300 1965 Superbia
1354 1881 1451 1946 vel
1492 1880 1771 1964 Abiectio
1816 1881 2156 1947 maximam
2202 1880 2405 1946 animi
2448 1879 2869 1966 impotentiam
2912 1877 3166 1943 iudicat.

1497 2013 2213 2060 DEMONSTRATIQ

632 2094 923 2160 Primum
968 2096 1224 2160 virtutis
1268 2093 1758 2160 fundamentum
1806 2100 1905 2160 est
1951 2115 2142 2161 suum
2189 2113 2330 2161 esse
2366 2112 2745 2160 conservare
2768 2098 2916 2177 (per
2942 2090 3164 2156 Coroll.

546 2183 743 2266 Prop.
788 2185 893 2249 22.
940 2183 1172 2267 hujus),
1216 2184 1413 2267 idque
1457 2203 1542 2249 ex
1585 2183 1786 2249 ductu
1833 2183 2125 2249 Rationis
2170 2190 2320 2266 (per
2364 2183 2558 2269 Prop.
2605 2182 2710 2247 24.
2755 2180 2989 2265 hujus).
3037 2179 3165 2257 Qui

544 2275 742 2359 igitur
809 2292 879 2339 se
943 2276 1153 2359 ipsum
1223 2274 1494 2358 ignorat,
1555 2273 1844 2337 omnium
1904 2276 2220 2338 virtutum
2277 2273 2791 2355 fundamentum,
2835 2276 2899 2336 et
2943 2289 3162 2335 conse-

546 2367 819 2447 quenter
884 2382 1108 2429 omnes
1177 2364 1449 2428 virtutes
1508 2363 1777 2447 ignorat.
1839 2360 2090 2428 Deinde
2135 2381 2216 2427 ex
2264 2364 2501 2428 virtute
2546 2379 2733 2446 agere
2778 2360 2940 2424 nihil
2985 2359 3161 2424 aliud

545 2457 658 2536 est,
725 2471 918 2537 quam
986 2471 1070 2517 ex
1116 2451 1315 2516 ductu
1362 2450 1653 2517 Rationis
1699 2470 1888 2537 agere
1933 2457 2081 2532 (per
2123 2451 2320 2537 Prop.
2362 2451 2467 2515 24.
2513 2449 2760 2534 hujus);
2810 2454 2874 2514 et
2921 2449 3035 2532 qui
3078 2467 3162 2513 ex

546 2542 745 2607 ductu
790 2540 1081 2606 Rationis
1125 2543 1274 2625 agit,
1319 2542 1484 2605 scire
1528 2542 1887 2606 necessario
1932 2540 2138 2623 debet,
2182 2560 2252 2606 se
2297 2559 2382 2606 ex
2421 2541 2622 2605 ductu
2658 2538 2951 2603 Rationis
2974 2556 3162 2622 agere

543 2635 697 2711 (per
738 2629 929 2711 Prop.
978 2629 1081 2694 43.
1122 2649 1184 2710 p.
1231 2629 1333 2707 2.).
1397 2628 1524 2706 Qui
1580 2630 1802 2714 itaque
1863 2648 1933 2695 se
1992 2631 2228 2714 ipsum,
2271 2634 2334 2695 et
2378 2633 2848 2713 consequenter
2893 2629 2988 2707 (ut
3023 2627 3162 2710 jam

537 2720 678 2802 jam
722 2718 1126 2797 ostendimus)
1168 2737 1393 2784 omnes
1438 2721 1728 2802 virtutes,
1773 2720 2055 2784 maxime
2100 2721 2372 2804 ignorat,
2414 2720 2471 2783 is
2513 2719 2777 2782 minime
2813 2735 2897 2781 ex
2919 2717 3160 2781 virtute

544 2810 693 2894 agit,
758 2809 879 2873 hoc
945 2813 1042 2873 est
1106 2812 1205 2888 (ut
1264 2829 1339 2872 ex
1382 2805 1590 2888 Defiu.
1637 2808 1697 2872 8.
1740 2807 1935 2891 hujus
1971 2812 2188 2891 patet),
2233 2809 2513 2873 maxime
2557 2808 2772 2871 animo
2817 2809 2912 2870 est
2958 2807 3160 2888 impo-

544 2902 725 2977 tens;
796 2902 991 2981 atque
1057 2897 1215 2962 adeo
1282 2902 1432 2978 (per
1477 2895 1674 2981 Prop.
1706 2902 1924 2977 proec.)
1983 2899 2267 2962 maxima
2324 2895 2636 2981 Superbia
2699 2894 2801 2960 vel
2861 2892 3154 2977 Abjectio

546 2988 893 3051 maximam
938 2988 1133 3051 animi
1177 2988 1619 3071 impotentiam
1665 2985 1923 3051 indicat.
1972 2984 2042 3065 Q.
2087 2985 2165 3050 E.
2209 2985 2292 3051 D.

1515 3117 2171 3164 oossoLLARIUM.

629 3200 802 3265 Hinc
869 3201 1220 3266 clarissime
1286 3201 1596 3283 sequitur,
1662 3200 1973 3285 superbos
2040 3204 2102 3264 et
2163 3199 2441 3284 abjectos
2500 3199 2783 3264 maxime
2828 3195 3158 3261 affectibus

542 3308 682 3356 esse
729 3289 1055 3355 obnoxios

1624 3398 1656 3443 s
1681 3397 1715 3442 c
1738 3397 1782 3441 H
1806 3397 1844 3442 o
1868 3397 1907 3442 1.
1926 3398 1951 3442 1
1970 3398 2014 3442 u
2036 3398 2100 3442 M.

628 3478 920 3564 Abjectio
965 3486 1175 3545 tamen
1221 3479 1473 3544 facilius
1517 3479 1749 3564 corrigi
1788 3483 1997 3563 potest
2034 3497 2227 3562 quam
2267 3476 2568 3563 superbia
2591 3498 2607 3557 ;
2634 3474 3158 3559 quandoquidem

541 3568 677 3633 haec
745 3568 1027 3650 Laetitiae,
1083 3568 1195 3632 illa
1254 3573 1469 3633 autem
1512 3568 1811 3632 Tristitiae
1855 3572 1953 3633 est
1996 3567 2280 3650 affectus,
2324 3572 2517 3650 atque
2562 3565 2719 3631 adeo
2765 3570 2917 3649 (per
2965 3562 3159 3647 Prop.

542 3656 646 3721 18.
693 3656 907 3741 hujus)
952 3658 1086 3721 haec
1130 3657 1242 3720 illa
1266 3658 1317 3736 ⁹)
1360 3657 1581 3722 fortior
1626 3661 1740 3722 est.

1361 3791 2051 3859 PROPOSITIO
2141 3792 2340 3857 LVII.

628 3904 943 3991 Superbus
981 3908 1410 3987 parasitorum
1453 3926 1562 3971 seu
1605 3905 2005 3971 adulatorum
2046 3906 2451 3988 proeseutiam
2485 3911 2680 3988 amat,
2720 3923 3158 3987 qenerosorum

540 4001 748 4060 autem
792 3996 935 4062 odit.

1492 4103 2207 4150 DEMONSTRATIQ

628 4185 939 4270 Superbia
984 4189 1083 4251 est
1126 4184 1375 4250 Laetitia
1419 4190 1557 4249 orta
1603 4204 1686 4250 ex
1731 4204 1826 4268 eo,
1872 4185 2046 4270 quod
2090 4186 2279 4250 homo
2324 4185 2404 4249 de
2448 4203 2519 4249 se
2562 4184 2709 4268 plus
2748 4184 2925 4267 justo
2966 4184 3158 4249 sentit

540 4280 692 4358 (per
734 4272 943 4356 Deftaen.
991 4275 1095 4339 28.
1140 4280 1199 4339 et
1245 4274 1302 4339 6.
1347 4274 1644 4358 Affect.);
1701 4294 1894 4358 quam
1942 4275 2307 4358 opinionem
2345 4275 2534 4339 homo
2575 4271 2913 4357 superbus,
2955 4292 3156 4355 quan·

540 4368 677 4428 tum
744 4368 968 4449 potest,
1032 4364 1251 4429 fovere
1316 4363 1653 4428 conabitur
1718 4363 1881 4443 (vide
1939 4360 2136 4428 Schol.
2182 4362 2379 4447 Prop.
2425 4362 2528 4428 13.
2570 4382 2633 4447 p.
2681 4362 2795 4443 3.);
2870 4359 3157 4445 adeoque

604 4610 661 4675 1)
696 4610 790 4661 Ed.
823 4611 945 4661 Pr.:
974 4612 1233 4679 possent?
1269 4616 1453 4663 terret.
1488 4639 1553 4649 —
1589 4611 1716 4663 Edd.
1735 4612 2061 4662 recentiores
2094 4615 2149 4662 et
2184 4609 2412 4661 Saisset:
2443 4614 2679 4678 possent.
2701 4607 3158 4660 Terret.-Ver3.

540 4677 714 4743 Belg.:
799 4677 959 4730 uibus
989 4678 1278 4730 vinculis..
1299 4715 1312 4729 .
1357 4681 1385 4731 1?
1418 4706 1483 4716 —
1519 4678 1683 4729 Recte
1719 4677 1961 4729 Schmidt
1995 4679 2071 4744 (et
2108 4677 2441 4742 Auerbach):
2483 4678 2583 4729 wie
2624 4677 2860 4728 klinuteu
2893 4676 2973 4727 sie
3007 4675 3155 4726 daun

541 4743 713 4797 durch
799 4745 961 4796 aude.
983 4783 995 4795 .
1015 4783 1026 4795 .
1049 4747 1098 4797 .?
1130 4745 1224 4795 Est
1258 4745 1403 4796 enim
1437 4760 1547 4811 quo
1577 4760 1731 4795 casus
1764 4744 2029 4796 ablativus
2067 4745 2396 4809 pronominis
2429 4745 2594 4810 quid3
2631 4744 2697 4794 cf.
2726 4743 2840 4795 alio
2858 4742 2960 4794 abl.
2979 4745 3154 4792 neutr.

540 4826 602 4862 su
642 4827 702 4863 ra
735 4812 848 4862 Des.
884 4811 930 4864 7.
964 4828 1016 4876 p.
1049 4811 1117 4875 1.,
1149 4812 1338 4863 Coroll.
1372 4812 1525 4875 Prop.
1559 4810 1608 4863 6.
1643 4826 1694 4875 p.
1727 4810 1794 4879 1.,
1828 4811 2000 4863 Schol.
2033 4811 2082 4864 2.
2119 4812 2273 4876 Prop.
2307 4809 2354 4861 8.
2389 4826 2440 4875 p.
2473 4810 2541 4876 1.,
2576 4815 2680 4861 etc.

635 4879 658 4943 )
693 4878 841 4931 Vere.
875 4879 1022 4945 Belg.
1057 4905 1119 4918 —-
1153 4878 1247 4930 Ed.
1280 4878 1399 4930 Pr.:
1434 4877 1536 4931 hdo
1567 4878 1688 4931 illa.
