3609 5642
454 507 540 572 62
1493 525 1744 573 mmcrzs
1787 520 1945 572 mss
1986 526 2049 571 n.

453 712 650 778 quam
710 694 1130 779 intellectum,
1189 695 1246 759 si
1300 712 1413 779 per
1456 695 1856 759 intellectum
1902 693 2105 758 claras
2149 691 2591 758 tantummodo
2638 695 2702 756 et
2747 691 3083 756 distinctas

451 783 631 847 ideas
691 783 1087 868 intelligant3
1138 783 1251 848 sed
1296 802 1460 868 nego
1506 784 1904 848 voluntatem
1951 784 2147 847 latius
2191 800 2262 847 se
2307 781 2655 846 extendere
2700 799 2895 864 quam
2941 798 3082 864 per-

453 873 796 956 ceptiones,
865 876 1003 937 sive
1070 872 1472 956 concipiendi
1537 872 1942 952 facultatem3
2002 890 2122 936 nec
2182 889 2337 936 sane
2395 870 2602 952 video,
2648 889 2766 934 cur
2809 869 3081 934 facultas

453 961 712 1025 volendi
757 963 972 1046 potius
1017 961 1286 1026 dicenda
1329 967 1426 1026 est
1469 960 1723 1026 infinita
1769 980 1965 1045 quam
2012 960 2332 1026 sentiendi
2366 959 2673 1038 facultas3
2714 959 3080 1024 sicutenim

453 1048 706 1114 infinita
769 1053 998 1131 (unum
1067 1057 1282 1115 tamen
1350 1055 1495 1135 post
1561 1050 1771 1130 aliud3
1835 1068 1986 1114 nam
2045 1048 2299 1113 infinita
2345 1048 2544 1113 simul
2588 1047 2909 1113 affirmare
2949 1066 3081 1111 non

453 1143 824 1223 possumus)
906 1139 1127 1204 eadem
1213 1139 1469 1204 volendi
1543 1139 1844 1203 facultate
1910 1156 2256 1222 possumus
2325 1136 2661 1220 affirmare,
2728 1137 2821 1202 sic
2890 1137 3079 1201 etiam

452 1226 706 1292 infinita
770 1247 1037 1313 corpora
1101 1232 1327 1310 (unum
1396 1247 1627 1313 nempe
1694 1233 1839 1312 post
1899 1228 2099 1307 aliud)
2146 1226 2368 1292 eadem
2415 1225 2734 1291 sentiendi
2779 1225 3083 1290 facultate

454 1335 802 1401 possumus
867 1319 1104 1383 sentire
1171 1320 1310 1382 sive
1378 1320 1721 1402 percipere.
1788 1315 1975 1393 Quod
2035 1317 2092 1381 si
2153 1316 2390 1399 dicant,
2432 1314 2687 1379 infinita
2732 1314 2889 1398 dari,
2935 1333 3082 1398 quae

453 1407 775 1490 percipere
817 1425 949 1470 non
995 1426 1342 1491 possumus
1358 1407 1390 1470 Ρ
1436 1425 1676 1492 regern,
1713 1425 1833 1470 nos
1880 1424 1956 1471 ea
1998 1406 2138 1490 ipsa
2175 1404 2353 1469 nulla
2389 1405 2790 1488 cogitatione,
2829 1408 2893 1468 et
2931 1422 3082 1467 con-

454 1498 798 1578 sequenter
861 1494 1043 1559 nulla
1107 1495 1369 1560 volendi
1437 1495 1739 1561 facultate
1806 1512 1996 1579 posse
2055 1495 2333 1597 assequi.
2377 1495 2467 1557 At
2512 1493 2753 1574 dicunt,
2800 1494 2857 1557 si
2901 1489 3082 1557 Deus

455 1584 647 1648 vellet
710 1582 980 1666 efficere,
1025 1589 1099 1649 ut
1158 1603 1231 1649 ea
1277 1585 1470 1649 etiam
1514 1586 1905 1669 perciperem
1913 1602 2009 1667 us,
2055 1584 2361 1686 maJorem
2408 1583 2670 1666 quidem
2714 1582 3083 1646 facultatem

455 1673 850 1757 percipiendi
911 1672 1169 1738 deberet
1228 1672 1414 1738 nobis
1462 1674 1630 1757 dare,
1678 1673 1791 1738 sed
1838 1692 1969 1737 non
2014 1673 2319 1755 majorem
2369 1675 2562 1756 quam
2610 1671 2785 1735 dedit
2830 1670 3086 1735 volendi

454 1761 857 1843 facultatem3
921 1763 1096 1847 quod
1138 1762 1310 1827 idem
1355 1767 1454 1827 est
1498 1782 1573 1827 ac
1618 1764 1676 1827 si
1720 1762 2023 1844 dicerent,
2071 1762 2243 1845 quod
2290 1763 2346 1826 si
2391 1760 2571 1825 Deus
2615 1760 2771 1825 velit
2816 1758 3087 1843 efficere,

455 1856 526 1915 ut
594 1850 846 1915 infinita
914 1852 1038 1915 alia
1105 1853 1277 1915 entia
1343 1852 1868 1936 intelligeremus,
1927 1869 2191 1916 necesse
2239 1851 2499 1934 quidem
2546 1854 2731 1932 esset,
2779 1853 2855 1913 ut
2899 1847 3086 1912 nobis

454 1940 632 2005 daret
683 1941 984 2023 majorem
1029 1941 1450 2023 intellectum,
1493 1941 1605 2006 sed
1652 1959 1783 2004 non
1825 1940 2357 2005 universaliorem
2403 1940 2569 2004 entis
2613 1939 2841 2021 ideam,
2889 1940 3083 2021 quam

454 2029 646 2112 dedit,
688 2029 769 2093 ad
816 2029 1036 2094 eadem
1086 2029 1337 2094 infinita
1382 2032 1554 2095 entia
1601 2029 2135 2114 amplectendum.
2183 2027 2599 2093 Ostendimus
2644 2028 2816 2093 enim
2855 2026 3085 2091 volun-

452 2123 646 2183 tatem
717 2137 834 2184 ens
893 2137 1035 2184 esse
1095 2120 1477 2203 universale,
1519 2121 1658 2184 sive
1702 2119 1935 2201 ideam,
1983 2138 2114 2202 qua
2161 2136 2384 2182 omnes
2429 2117 2789 2202 singulares
2835 2116 3083 2180 volitio-

458 2226 593 2290 nes,
659 2207 782 2271 hoc
849 2212 946 2272 est
1013 2207 1100 2290 id,
1166 2208 1340 2292 quod
1398 2210 1481 2273 iis
1541 2207 1845 2272 omnibus
1907 2226 2251 2273 commune
2295 2212 2411 2290 est,
2456 2206 2873 2291 explicamus.
2920 2203 3084 2269 Cum

455 2298 675 2381 itaque
741 2296 908 2360 hanc
976 2298 1263 2361 omnium
1327 2298 1711 2362 volitionum
1759 2315 2167 2362 communem
2214 2297 2353 2361 sive
2397 2296 2831 2360 universalem
2874 2294 3084 2358 ideam

452 2385 818 2450 facultatem
868 2404 1010 2451 esse
1055 2386 1337 2470 credant,
1381 2388 1646 2452 minime
1690 2389 1947 2469 mirum,
1992 2388 2050 2451 si
2094 2386 2262 2450 hanc
2305 2385 2670 2450 facultatem
2712 2384 2881 2448 ultra
2918 2384 3084 2447 limi-

455 2480 550 2540 tes
596 2476 959 2540 intellectus
1005 2477 1076 2538 in
1119 2475 1446 2541 infinitum
1492 2494 1563 2540 se
1608 2476 1956 2541 extendere
1999 2475 2229 2539 dicant.
2269 2474 2652 2539 Universale
2690 2473 2861 2537 enim
2900 2490 3086 2556 aeque

455 2564 535 2628 de
581 2583 713 2628 uno
759 2583 834 2629 ac
878 2564 956 2628 de
1001 2564 1318 2649 pluribus,
1362 2584 1437 2630 ac
1483 2565 1562 2629 de
1605 2564 1877 2629 infinitis
1923 2564 2278 2629 individuis
2317 2564 2567 2628 dicitur.
2605 2562 2711 2626 Ad
2747 2561 3085 2626 secundam

455 2651 877 2735 objectionem
945 2654 1299 2738 respondeo
1366 2654 1680 2739 negando,
1741 2673 1861 2718 nos
1907 2652 2172 2718 liberam
2214 2652 2451 2718 habere
2495 2655 2870 2737 potestatem
2913 2650 3085 2734 judi-

454 2743 628 2806 cium
698 2742 1151 2826 suspendendi.
1210 2741 1378 2807 Nam
1432 2762 1580 2806 cum
1642 2742 1939 2826 dicimus,
1983 2743 2266 2826 aliquem
2306 2742 2624 2825 judicium
2674 2740 3084 2824 suspendere,

453 2831 614 2894 nihil
662 2831 840 2895 aliud
886 2831 1180 2912 dicimus,
1224 2851 1419 2915 quam
1466 2831 1640 2915 quod
1685 2832 1878 2915 videt,
1925 2850 1994 2896 se
2038 2850 2174 2896 rem
2213 2850 2346 2895 non
2385 2831 2718 2915 adaequate
2740 2831 3083 2914 percipere.

453 2919 572 2983 Est
636 2921 836 3004 igitur
892 2920 1120 3002 judicii
1181 2922 1519 3005 suspensio
1579 2939 1803 2986 revera
1849 2921 2189 3005 perceptio,
2233 2923 2297 2984 et
2340 2939 2471 2985 non
2516 2918 2719 2984 libera
2762 2918 3081 2982 voluntas.

452 3006 637 3084 Quod
686 3013 758 3072 ut
803 3008 973 3073 clare
1018 3008 1436 3095 intelligatur,
1481 3012 1921 3095 concipiamus
1965 3028 2261 3095 puerum,
2309 3028 2550 3094 equum
2600 3009 3080 3092 imaginantem,

454 3117 574 3162 nec
618 3098 795 3162 aliud
841 3098 1190 3182 quicquam
1238 3100 1710 3183 percipientem.
1758 3096 2292 3182 Quandoquidem
2337 3099 2474 3162 haec
2518 3097 2889 3182 imaginatio
2926 3096 3079 3180 equi

454 3189 858 3252 existentiam
919 3187 1192 3250 involvit
1237 3191 1256 3267 (
1270 3207 1384 3268 per
1430 3184 1650 3252 Coroll.
1693 3185 1893 3272 Prop.
1940 3186 2042 3251 17.
2087 3185 2320 3272 huJus),
2362 3205 2482 3253 nec
2526 3204 2689 3271 puer
2734 3186 3081 3270 quicquam

454 3276 739 3360 percipit,
809 3275 982 3359 quod
1041 3277 1194 3360 equi
1254 3277 1663 3341 existentiam
1708 3276 1908 3359 tollat,
1948 3277 2060 3341 ille
2107 3278 2468 3342 necessario
2514 3294 2758 3359 equum
2806 3279 2881 3338 ut
2924 3291 3083 3358 prae·

454 3371 700 3429 sentem
749 3364 1315 3449 contemplabitur:
1362 3384 1482 3432 nec
1527 3366 1605 3430 de
1650 3367 1791 3449 ejus
1839 3366 2178 3431 existentia
2223 3367 2455 3450 poterit
2499 3363 2812 3445 dubitare,
2856 3381 3081 3447 quam-

456 3456 554 3518 vis
600 3454 680 3519 de
723 3453 944 3519 eadem
991 3473 1123 3518 non
1169 3457 1254 3519 sit
1299 3459 1531 3519 certus.
1575 3456 1793 3538 Atque
1841 3456 1961 3519 hoc
2007 3455 2294 3539 quotidie
2331 3456 2401 3517 in
2426 3455 2671 3518 somnis
2693 3454 3084 3537 experimur,

454 3560 575 3607 nec
640 3542 828 3607 credo
897 3543 1180 3627 aliquem
1240 3561 1399 3626 esse,
1460 3545 1574 3627 qui
1635 3547 1817 3628 putet
1860 3562 1949 3626 se,
1996 3544 2152 3608 dum
2198 3543 2493 3624 somniat,
2538 3542 2805 3607 liberam
2849 3539 3087 3605 habere

455 3636 834 3715 potestatem
904 3631 1339 3716 suspendendi
1408 3632 1488 3698 de
1544 3632 1645 3714 iis,
1705 3651 1852 3716 quae
1898 3634 2194 3714 somniat,
2234 3632 2572 3717 judicium,
2616 3630 3083 3713 efficiendique,

456 3725 530 3784 ut
590 3739 681 3802 ea,
727 3738 872 3805 quoe
919 3738 988 3786 se
1036 3720 1252 3786 videre
1298 3722 1593 3802 somniat,
1635 3739 1768 3786 non
1814 3722 2122 3799 somniet3
2173 3726 2238 3785 et
2283 3721 2706 3785 nihilominus
2751 3719 3084 3803 contingit,

455 3814 529 3873 ut
596 3811 785 3874 etiam
857 3811 925 3872 in
994 3811 1238 3875 somnis
1291 3808 1608 3893 judicium
1655 3811 2147 3893 suspendamus,
2191 3828 2423 3894 nempe
2468 3829 2618 3874 cum
2666 3810 3085 3890 somniamus,

454 3917 574 3962 nos
641 3898 977 3962 somniare.
1043 3897 1244 3963 Porro
1314 3899 1592 3964 concedo
1638 3901 1962 3964 neminem
2010 3900 2217 3983 decipi
2261 3903 2584 3983 quatenus
2630 3899 2915 3982 percipit,
2959 3897 3083 3960 hoc

455 3991 570 4070 est,
637 3986 873 4052 Mentis
939 3988 1434 4071 imaginationes
1498 3989 1569 4051 in
1638 4006 1707 4053 se
1767 3988 2203 4053 consideratas
2262 3989 2426 4052 nihil
2472 3989 2705 4053 erroris
2751 3986 3083 4050 involvere

457 4076 736 4141 concedo
796 4076 954 4157 (vide
1001 4074 1197 4144 Schol.
1242 4075 1435 4161 Prop.
1483 4076 1587 4140 17.
1631 4075 1883 4160 hujus);
1948 4078 2060 4142 sed
2105 4095 2289 4161 nego,
2333 4077 2659 4142 hominem
2708 4074 2870 4139 nihil
2915 4073 3083 4138 affir-

457 4185 629 4230 mare
681 4170 1002 4250 quatenus
1048 4167 1333 4250 percipit.
1379 4163 1547 4229 Nam
1596 4166 1754 4249 quid
1799 4167 1976 4231 aliud
2022 4177 2121 4232 est
2165 4184 2410 4250 equum
2458 4165 2696 4230 alatum
2743 4163 3084 4248 percipere,

458 4273 651 4338 quam
719 4255 853 4319 alas
922 4255 1001 4320 de
1061 4274 1228 4339 equo
1288 4253 1651 4319 affirmare?
1711 4253 1782 4320 Si
1827 4257 1997 4320 enim
2045 4254 2231 4320 Mens
2277 4258 2506 4340 praeter
2549 4273 2791 4338 equum
2838 4253 3080 4316 alatum

456 4343 618 4406 nihil
686 4343 864 4407 aliud
933 4345 1300 4429 perciperet,
1369 4343 1644 4409 eundem
1714 4342 1842 4409 sibi
1907 4348 2287 4429 praesentem
2348 4343 2904 4428 contemplaretur,
2962 4359 3083 4405 nec

456 4452 715 4497 causam
786 4430 1047 4498 haberet
1112 4432 1310 4497 ullam
1381 4431 1719 4497 dubitandi
1788 4433 1867 4498 de
1927 4433 2215 4538 ejusdem
2277 4434 2639 4516 existentia,
2699 4450 2819 4496 nec
2881 4430 3082 4494 ullam

458 4521 877 4587 dissentiendi
921 4522 1308 4606 facultatem,
1353 4522 1480 4586 nisi
1525 4524 1898 4607 imaginatio
1944 4524 2097 4606 equi
2143 4522 2296 4586 alati
2332 4523 2559 4605 juncta
2604 4521 2688 4585 sit
2732 4519 2914 4603 ideae,
2938 4537 3084 4602 quae

457 4611 862 4676 existentiam
929 4612 1217 4695 ejusdem
1284 4611 1438 4695 equi
1503 4611 1684 4695 tollit,
1743 4612 1850 4675 vel
1909 4611 2082 4696 quod
2128 4612 2415 4696 percipit,
2458 4611 2667 4675 ideam
2714 4610 2867 4693 equi
2911 4609 3083 4691 alati,

459 4720 653 4785 quam
718 4699 928 4784 habet,
970 4718 1112 4766 esse
1155 4701 1646 4784 inadaequatam,
1692 4705 1887 4784 atque
1930 4705 2074 4765 tum
2120 4701 2222 4766 vel
2269 4699 2557 4783 ejusdem
2603 4699 2755 4782 equi
2801 4699 3081 4763 existen-

455 4792 613 4854 tiam
659 4790 1019 4854 necessario
1067 4790 1344 4875 negabit,
1390 4790 1492 4854 vel
1539 4790 1620 4855 de
1665 4789 1888 4854 eadem
1934 4790 2295 4855 necessario
2342 4787 2679 4853 dubitabit.
2726 4789 2946 4871 Atque
2980 4786 3085 4851 his

456 4882 614 4964 puto
683 4897 786 4943 me
845 4878 926 4942 ad
984 4879 1236 4945 tertiam
1280 4879 1471 4944 etiam
1517 4877 1939 4961 objectionem
1986 4878 2410 4963 respondisse,
2455 4896 2703 4963 nempe,
2750 4876 2926 4960 quod
2972 4895 3086 4940 vo-
