3609 5642
1299 1261 1583 1372 Le.

601 1552 788 1618 Nova
871 1555 1011 1618 haec
1091 1552 1352 1620 Ethices
1435 1554 1650 1638 editi0,
1724 1574 1921 1638 quam
1998 1554 2287 1638 undique
2360 1554 2778 1640 efflagitatam
2852 1555 3148 1640 Spinozae

511 1692 822 1757 studiosis
882 1697 946 1757 et
1004 1694 1269 1757 asseclis
1329 1695 1671 1777 separatim
1720 1692 1944 1758 offerre
1989 1693 2464 1776 constituimus,
2511 1692 2808 1758 editionis
2848 1691 3151 1777 Operum,

513 1835 832 1916 quotquot
853 1835 1104 1916 reperta
1127 1834 1299 1915 sunt,
1322 1832 1475 1895 anni
1497 1828 1895 1894 MDOOOVO
1920 1835 2298 1895 contextum
2323 1850 2519 1914 quam
2541 1830 2916 1896 fidelissime
2938 1831 3149 1896 refert.

600 1968 854 2034 Etenim
904 1988 1054 2034 cum
1097 1971 1398 2053 iniquum
1432 1968 1636 2033 fatum
1678 1968 1941 2052 obstitit,
1981 1969 2329 2052 quominus
2369 1989 2430 2031 v.
2468 1970 2543 2032 cl.
2584 1968 2781 2054 Land,
2821 1972 2935 2054 qui
2972 1971 3146 2034 illam

511 2108 858 2174 editionem
919 2112 1274 2191 curaverat,
1335 2109 1525 2172 etiam
1580 2110 1649 2170 in
1697 2107 1817 2171 hoc
1863 2106 2027 2170 libro
2073 2106 2319 2172 edendo
2367 2126 2623 2192 operam
2672 2128 2855 2173 suam
2903 2111 3149 2194 impen-

509 2247 687 2312 deret
747 2251 809 2312 et
855 2249 994 2332 ipse
1041 2265 1204 2332 opus
1251 2266 1445 2312 suum
1491 2247 1815 2329 reviseret,
1860 2249 2247 2329 retractaret,
2293 2248 2345 2311 si
2397 2249 2510 2330 qui
2556 2247 2737 2312 locus
2784 2252 2969 2331 esset,
3014 2268 3153 2313 cor-

506 2386 761 2470 rigeret,
802 2385 1027 2470 religio
1071 2384 1259 2448 nobis
1304 2383 1447 2468 fuit,
1493 2402 1640 2468 quae
1689 2385 1789 2446 vir
1837 2382 2247 2448 doctissimus
2296 2382 2603 2467 idemque
2652 2385 2885 2449 harum
2929 2404 3146 2450 rerum

508 2523 745 2589 arbiter
802 2525 1227 2609 gravissimus
1289 2526 1353 2588 et
1406 2524 1823 2587 cautissimus
1868 2521 2171 2606 prudenti
2218 2522 2488 2586 consilio
2536 2525 2861 2607 statuerat,
2906 2526 3146 2589 temere

510 2667 574 2727 et
617 2666 838 2727 nostro
885 2661 1090 2727 Marte
1136 2664 1497 2727 immutare.

595 2799 1064 2866 Tantummodo
1125 2820 1370 2867 errores
1414 2795 1915 2885 'typographicos
1960 2799 2065 2863 hic
2111 2799 2244 2862 illic
2291 2803 2699 2863 occurrentes
2746 2798 2969 2862 tollere
3013 2803 3148 2863 stu-

511 2937 791 3022 duimuS,
838 2957 957 3003 nec
993 2958 1125 3002 non
1163 2938 1541 3004 admisimus
1578 2939 2005 3002 correctiones
2044 2937 2290 3021 aliquot
2329 2956 2367 3000 a
2405 2956 2463 2999 v.
2506 2936 2562 3000 d.
2603 2934 2685 2999 H.
2727 2934 2961 3001 Gorter
3005 2956 3147 3021 pro-

507 3076 688 3160 lataS,
734 3096 896 3160 quas
940 3078 1080 3162 ipse
1126 3075 1306 3140 Land
1351 3078 1422 3139 in
1464 3075 1837 3160 praefatione
1881 3074 2061 3139 Tomi
2107 3073 2208 3137 III
2256 3078 2606 3159 agnoverat
2650 3077 2713 3138 et
2750 3073 3147 3158 probaverat.

599 3212 897 3299 Denique
954 3216 1024 3278 in
1079 3216 1326 3299 aliquot
1387 3216 1547 3281 locis
1608 3215 2076 3280 constituendis
2123 3213 2310 3280 nobis
2355 3219 2591 3298 praesto
2636 3213 2905 3280 fuerunt
2949 3233 3149 3278 anno-

508 3355 783 3420 tationes
844 3355 1322 3440 manuscriptae,
1387 3374 1550 3438 quas
1611 3352 1811 3437 Land,
1871 3372 2021 3418 cum
2083 3353 2292 3438 primo
2338 3350 2634 3436 Spinozee
2683 3369 2875 3436 opera
2919 3350 3151 3435 ederet,

508 3494 861 3578 exemplari
907 3513 1030 3558 suo
1075 3492 1192 3557 Ed.
1236 3494 1545 3578 principis
1592 3494 1992 3578 appinxerat.

596 3631 825 3716 Itaque
886 3633 987 3696 his
1049 3637 1113 3696 et
1170 3632 1523 3716 legentium
1582 3630 1917 3695 commodo
1981 3650 2101 3694 nos
2162 3630 2574 3695 consuluisse
2622 3634 2684 3695 et
2728 3631 2946 3714 pietati
2994 3648 3144 3713 erga

508 3771 631 3834 viri
678 3771 755 3836 de
799 3770 1076 3856 Spinoza
1122 3773 1360 3856 optime
1408 3772 1619 3835 meriti
1664 3771 2039 3835 memoriam
2085 3769 2472 3834 satisfecisse
2519 3768 2922 3833 confidimus.

687 4005 965 4094 Hagae
1011 4005 1402 4092 Comitis,
2102 4003 2539 4069 MARTINUS
2585 4001 2969 4068 NIJHOFF.

946 4145 1158 4198 MCMV.
