<?xml version="1.0" encoding="UTF-8"?>
<!DOCTYPE html PUBLIC "-//W3C//DTD XHTML 1.0 Transitional//EN"
    "http://www.w3.org/TR/xhtml1/DTD/xhtml1-transitional.dtd">
<html xmlns="http://www.w3.org/1999/xhtml" xml:lang="en" lang="en">
 <head>
  <title>
</title>
<meta http-equiv="Content-Type" content="text/html;charset=utf-8" />
  <meta name='ocr-system' content='tesseract 3.04.00' />
  <meta name='ocr-capabilities' content='ocr_page ocr_carea ocr_par ocr_line ocrx_word'/>
</head>
<body>
  <div class='ocr_page' id='page_1' title='image "./ethica00unkngoog_0035.png"; bbox 0 0 3609 5642; ppageno 0'>
   <div class='ocr_carea' id='block_1_1' title="bbox 1597 524 3025 587">
    <p class='ocr_par' dir='ltr' id='par_1_1' title="bbox 1597 524 3025 587">
     <span class='ocr_line' id='line_1_1' title="bbox 1597 524 3025 587; baseline 0.002 -3"><span class='ocrx_word' id='word_1_1' title='bbox 1597 539 1680 584; x_wconf 78' lang='lat' dir='ltr'><strong>nn</strong></span> <span class='ocrx_word' id='word_1_2' title='bbox 1722 539 1857 586; x_wconf 76' lang='lat' dir='ltr'><strong>nno.</strong></span> <span class='ocrx_word' id='word_1_3' title='bbox 2944 524 3025 587; x_wconf 87' lang='lat'><strong>21</strong></span> 
     </span>
    </p>
   </div>
   <div class='ocr_carea' id='block_1_2' title="bbox 405 705 3030 884">
    <p class='ocr_par' dir='ltr' id='par_1_2' title="bbox 405 705 3030 884">
     <span class='ocr_line' id='line_1_2' title="bbox 405 705 3030 794; baseline 0.002 -25"><span class='ocrx_word' id='word_1_4' title='bbox 405 708 875 789; x_wconf 90' lang='lat' dir='ltr'><strong>consequenter</strong></span> <span class='ocrx_word' id='word_1_5' title='bbox 941 706 1067 770; x_wconf 92' lang='lat' dir='ltr'><strong>duo</strong></span> <span class='ocrx_word' id='word_1_6' title='bbox 1137 707 1242 772; x_wconf 87' lang='lat' dir='ltr'><strong>vel</strong></span> <span class='ocrx_word' id='word_1_7' title='bbox 1310 707 1528 791; x_wconf 92' lang='lat' dir='ltr'><strong>plures</strong></span> <span class='ocrx_word' id='word_1_8' title='bbox 1594 712 1857 791; x_wconf 79' lang='lat' dir='ltr'><strong>possent</strong></span> <span class='ocrx_word' id='word_1_9' title='bbox 1917 707 2053 773; x_wconf 90' lang='lat' dir='ltr'><strong>dari</strong></span> <span class='ocrx_word' id='word_1_10' title='bbox 2112 705 2239 792; x_wconf 83' lang='lat' dir='ltr'><strong>Dii,</strong></span> <span class='ocrx_word' id='word_1_11' title='bbox 2284 708 2460 793; x_wconf 93' lang='lat' dir='ltr'><strong>quod</strong></span> <span class='ocrx_word' id='word_1_12' title='bbox 2506 711 2655 794; x_wconf 76' lang='lat' dir='ltr'><strong>(per</strong></span> <span class='ocrx_word' id='word_1_13' title='bbox 2703 707 2924 777; x_wconf 74' lang='lat' dir='ltr'><strong>coroa.</strong></span> <span class='ocrx_word' id='word_1_14' title='bbox 2970 710 3030 774; x_wconf 90' lang='lat'><strong>1.</strong></span> 
     </span>
     <span class='ocr_line' id='line_1_3' title="bbox 407 793 3029 884; baseline 0.002 -26"><span class='ocrx_word' id='word_1_15' title='bbox 407 793 604 879; x_wconf 80' lang='lat' dir='ltr'><strong>Prop.</strong></span> <span class='ocrx_word' id='word_1_16' title='bbox 667 794 794 875; x_wconf 79' lang='lat'><strong><em>14.)</em></strong></span> <span class='ocrx_word' id='word_1_17' title='bbox 846 799 943 860; x_wconf 90' lang='lat' dir='ltr'><strong>est</strong></span> <span class='ocrx_word' id='word_1_18' title='bbox 987 794 1358 861; x_wconf 90' lang='lat' dir='ltr'><strong>absurdum.</strong></span> <span class='ocrx_word' id='word_1_19' title='bbox 1405 795 1803 881; x_wconf 82' lang='lat' dir='ltr'>Quapropter</span> <span class='ocrx_word' id='word_1_20' title='bbox 1850 815 1952 863; x_wconf 92' lang='lat' dir='ltr'><strong>res</strong></span> <span class='ocrx_word' id='word_1_21' title='bbox 1996 796 2176 862; x_wconf 92' lang='lat' dir='ltr'><strong>nullo</strong></span> <span class='ocrx_word' id='word_1_22' title='bbox 2222 798 2348 863; x_wconf 92' lang='lat' dir='ltr'><strong>alio</strong></span> <span class='ocrx_word' id='word_1_23' title='bbox 2394 798 2603 882; x_wconf 91' lang='lat' dir='ltr'><strong>modo,</strong></span> <span class='ocrx_word' id='word_1_24' title='bbox 2648 818 2858 884; x_wconf 90' lang='lat' dir='ltr'><strong>neque</strong></span> <span class='ocrx_word' id='word_1_25' title='bbox 2905 800 3029 864; x_wconf 87' lang='lat' dir='ltr'><strong>alio</strong></span> 
     </span>
    </p>
   </div>
   <div class='ocr_carea' id='block_1_3' title="bbox 409 882 2003 1039">
    <p class='ocr_par' dir='ltr' id='par_1_3' title="bbox 409 882 2003 1039">
     <span class='ocr_line' id='line_1_4' title="bbox 409 882 1193 967; baseline 0.001 -20"><span class='ocrx_word' id='word_1_26' title='bbox 409 883 656 967; x_wconf 91' lang='lat' dir='ltr'><strong>ordine,</strong></span> <span class='ocrx_word' id='word_1_27' title='bbox 702 888 817 949; x_wconf 91' lang='lat' dir='ltr'><strong>etc.</strong></span> <span class='ocrx_word' id='word_1_28' title='bbox 868 882 938 963; x_wconf 80' lang='lat' dir='ltr'><strong>Q.</strong></span> <span class='ocrx_word' id='word_1_29' title='bbox 980 883 1062 950; x_wconf 83' lang='lat' dir='ltr'><strong>E.</strong></span> <span class='ocrx_word' id='word_1_30' title='bbox 1110 883 1193 949; x_wconf 90' lang='lat' dir='ltr'><strong>D.</strong></span> 
     </span>
     <span class='ocr_line' id='line_1_5' title="bbox 1420 993 2003 1039; baseline 0 0"><span class='ocrx_word' id='word_1_31' title='bbox 1420 993 1877 1039; x_wconf 75' lang='lat' dir='ltr'><strong>scflon1uu</strong></span> <span class='ocrx_word' id='word_1_32' title='bbox 1964 994 2003 1039; x_wconf 83' lang='lat' dir='ltr'>L</span> 
     </span>
    </p>
   </div>
   <div class='ocr_carea' id='block_1_4' title="bbox 399 1072 3094 2499">
    <p class='ocr_par' dir='ltr' id='par_1_4' title="bbox 399 1072 3094 2499">
     <span class='ocr_line' id='line_1_6' title="bbox 494 1072 3029 1159; baseline 0.002 -21"><span class='ocrx_word' id='word_1_33' title='bbox 494 1072 811 1150; x_wconf 83' lang='lat' dir='ltr'><strong>Quoniam</strong></span> <span class='ocrx_word' id='word_1_34' title='bbox 857 1074 959 1140; x_wconf 90' lang='lat' dir='ltr'><strong>his</strong></span> <span class='ocrx_word' id='word_1_35' title='bbox 1004 1075 1149 1140; x_wconf 83' lang='lat' dir='ltr'><strong>luce</strong></span> <span class='ocrx_word' id='word_1_36' title='bbox 1195 1075 1545 1141; x_wconf 87' lang='lat' dir='ltr'><strong>meridiana</strong></span> <span class='ocrx_word' id='word_1_37' title='bbox 1591 1075 1829 1141; x_wconf 91' lang='lat' dir='ltr'><strong>clarius</strong></span> <span class='ocrx_word' id='word_1_38' title='bbox 1873 1076 2142 1159; x_wconf 91' lang='lat' dir='ltr'><strong>ostendi,</strong></span> <span class='ocrx_word' id='word_1_39' title='bbox 2189 1077 2350 1141; x_wconf 85' lang='lat' dir='ltr'><strong>nihil</strong></span> <span class='ocrx_word' id='word_1_40' title='bbox 2393 1077 2684 1143; x_wconf 89' lang='lat' dir='ltr'><strong>absolute</strong></span> <span class='ocrx_word' id='word_1_41' title='bbox 2725 1078 2794 1142; x_wconf 95' lang='lat' dir='ltr'><strong>in</strong></span> <span class='ocrx_word' id='word_1_42' title='bbox 2833 1077 3029 1144; x_wconf 90' lang='lat' dir='ltr'><strong>rebus</strong></span> 
     </span>
     <span class='ocr_line' id='line_1_7' title="bbox 403 1163 3029 1252; baseline 0.002 -26"><span class='ocrx_word' id='word_1_43' title='bbox 403 1163 562 1244; x_wconf 90' lang='lat' dir='ltr'><strong>dari,</strong></span> <span class='ocrx_word' id='word_1_44' title='bbox 627 1168 883 1248; x_wconf 91' lang='lat' dir='ltr'><strong>propter</strong></span> <span class='ocrx_word' id='word_1_45' title='bbox 953 1164 1125 1249; x_wconf 90' lang='lat' dir='ltr'><strong>qnod</strong></span> <span class='ocrx_word' id='word_1_46' title='bbox 1195 1165 1638 1249; x_wconf 90' lang='lat' dir='ltr'><strong>contingentes</strong></span> <span class='ocrx_word' id='word_1_47' title='bbox 1700 1165 2016 1249; x_wconf 90' lang='lat' dir='ltr'><strong>dicantur,</strong></span> <span class='ocrx_word' id='word_1_48' title='bbox 2060 1167 2383 1251; x_wconf 85' lang='lat' dir='ltr'><strong>explicare</strong></span> <span class='ocrx_word' id='word_1_49' title='bbox 2419 1168 2550 1250; x_wconf 89' lang='lat' dir='ltr'><strong>jam</strong></span> <span class='ocrx_word' id='word_1_50' title='bbox 2595 1167 2817 1252; x_wconf 83' lang='lat' dir='ltr'><strong>paucis</strong></span> <span class='ocrx_word' id='word_1_51' title='bbox 2863 1168 3029 1250; x_wconf 82' lang='lat' dir='ltr'><strong>volo,</strong></span> 
     </span>
     <span class='ocr_line' id='line_1_8' title="bbox 406 1251 3030 1340; baseline 0.002 -23"><span class='ocrx_word' id='word_1_52' title='bbox 406 1252 562 1336; x_wconf 90' lang='lat' dir='ltr'><strong>quid</strong></span> <span class='ocrx_word' id='word_1_53' title='bbox 629 1251 818 1318; x_wconf 93' lang='lat' dir='ltr'><strong>nobis</strong></span> <span class='ocrx_word' id='word_1_54' title='bbox 885 1273 998 1337; x_wconf 90' lang='lat' dir='ltr'><strong>per</strong></span> <span class='ocrx_word' id='word_1_55' title='bbox 1066 1252 1459 1338; x_wconf 72' lang='lat' dir='ltr'><strong>contingens</strong></span> <span class='ocrx_word' id='word_1_56' title='bbox 1527 1256 1646 1319; x_wconf 88' lang='lat' dir='ltr'><strong>erit</strong></span> <span class='ocrx_word' id='word_1_57' title='bbox 1704 1254 2226 1340; x_wconf 84' lang='lat' dir='ltr'><strong>intelligendum3</strong></span> <span class='ocrx_word' id='word_1_58' title='bbox 2293 1256 2403 1320; x_wconf 91' lang='lat' dir='ltr'><strong>sed</strong></span> <span class='ocrx_word' id='word_1_59' title='bbox 2465 1257 2665 1340; x_wconf 90' lang='lat' dir='ltr'><strong>prius,</strong></span> <span class='ocrx_word' id='word_1_60' title='bbox 2711 1255 2867 1340; x_wconf 89' lang='lat' dir='ltr'><strong>quid</strong></span> <span class='ocrx_word' id='word_1_61' title='bbox 2916 1275 3030 1340; x_wconf 92' lang='lat' dir='ltr'><strong>per</strong></span> 
     </span>
     <span class='ocr_line' id='line_1_9' title="bbox 405 1340 3029 1428; baseline 0.002 -22"><span class='ocrx_word' id='word_1_62' title='bbox 405 1340 878 1422; x_wconf 79' lang='lat' dir='ltr'><strong>Necessarium,</strong></span> <span class='ocrx_word' id='word_1_63' title='bbox 923 1348 986 1407; x_wconf 91' lang='lat' dir='ltr'><strong>et</strong></span> <span class='ocrx_word' id='word_1_64' title='bbox 1027 1342 1450 1427; x_wconf 89' lang='lat' dir='ltr'><strong>Impossibile.</strong></span> <span class='ocrx_word' id='word_1_65' title='bbox 1497 1341 1626 1408; x_wconf 89' lang='lat' dir='ltr'><strong>Res</strong></span> <span class='ocrx_word' id='word_1_66' title='bbox 1671 1344 1890 1428; x_wconf 91' lang='lat' dir='ltr'><strong>aliqua</strong></span> <span class='ocrx_word' id='word_1_67' title='bbox 1935 1345 2294 1409; x_wconf 91' lang='lat' dir='ltr'><strong>necessaria</strong></span> <span class='ocrx_word' id='word_1_68' title='bbox 2339 1343 2592 1425; x_wconf 91' lang='lat' dir='ltr'><strong>dicitur,</strong></span> <span class='ocrx_word' id='word_1_69' title='bbox 2636 1345 2739 1411; x_wconf 83' lang='lat' dir='ltr'><strong>vel</strong></span> <span class='ocrx_word' id='word_1_70' title='bbox 2784 1346 3029 1411; x_wconf 89' lang='lat' dir='ltr'><strong>ratione</strong></span> 
     </span>
     <span class='ocr_line' id='line_1_10' title="bbox 402 1430 3027 1516; baseline 0.001 -21"><span class='ocrx_word' id='word_1_71' title='bbox 402 1450 539 1495; x_wconf 85' lang='lat' dir='ltr'><strong>suae</strong></span> <span class='ocrx_word' id='word_1_72' title='bbox 598 1432 908 1511; x_wconf 63' lang='lat' dir='ltr'><strong>essentiae,</strong></span> <span class='ocrx_word' id='word_1_73' title='bbox 965 1433 1067 1496; x_wconf 82' lang='lat' dir='ltr'><strong>vel</strong></span> <span class='ocrx_word' id='word_1_74' title='bbox 1128 1433 1373 1497; x_wconf 88' lang='lat' dir='ltr'><strong>ratione</strong></span> <span class='ocrx_word' id='word_1_75' title='bbox 1430 1452 1657 1497; x_wconf 85' lang='lat' dir='ltr'><strong>causae.</strong></span> <span class='ocrx_word' id='word_1_76' title='bbox 1702 1430 1822 1497; x_wconf 90' lang='lat' dir='ltr'><strong>Rei</strong></span> <span class='ocrx_word' id='word_1_77' title='bbox 1872 1433 2042 1497; x_wconf 92' lang='lat' dir='ltr'><strong>enim</strong></span> <span class='ocrx_word' id='word_1_78' title='bbox 2088 1434 2364 1516; x_wconf 88' lang='lat' dir='ltr'><strong>alicujus</strong></span> <span class='ocrx_word' id='word_1_79' title='bbox 2410 1434 2752 1499; x_wconf 79' lang='lat' dir='ltr'><strong>existentia</strong></span> <span class='ocrx_word' id='word_1_80' title='bbox 2798 1434 2900 1499; x_wconf 83' lang='lat' dir='ltr'><strong>vel</strong></span> <span class='ocrx_word' id='word_1_81' title='bbox 2944 1452 3027 1499; x_wconf 86' lang='lat' dir='ltr'><strong>ex</strong></span> 
     </span>
     <span class='ocr_line' id='line_1_11' title="bbox 400 1519 3027 1604; baseline 0.002 -21"><span class='ocrx_word' id='word_1_82' title='bbox 400 1520 608 1604; x_wconf 91' lang='lat' dir='ltr'><strong>ipsius</strong></span> <span class='ocrx_word' id='word_1_83' title='bbox 677 1522 954 1586; x_wconf 86' lang='lat' dir='ltr'><strong>essentia</strong></span> <span class='ocrx_word' id='word_1_84' title='bbox 1019 1525 1083 1585; x_wconf 91' lang='lat' dir='ltr'><strong>et</strong></span> <span class='ocrx_word' id='word_1_85' title='bbox 1151 1519 1538 1604; x_wconf 89' lang='lat' dir='ltr'><strong>definitione,</strong></span> <span class='ocrx_word' id='word_1_86' title='bbox 1596 1521 1700 1586; x_wconf 82' lang='lat' dir='ltr'><strong>vel</strong></span> <span class='ocrx_word' id='word_1_87' title='bbox 1746 1540 1829 1586; x_wconf 84' lang='lat' dir='ltr'><strong>ex</strong></span> <span class='ocrx_word' id='word_1_88' title='bbox 1876 1521 2021 1587; x_wconf 90' lang='lat' dir='ltr'><strong>data</strong></span> <span class='ocrx_word' id='word_1_89' title='bbox 2066 1541 2262 1587; x_wconf 90' lang='lat' dir='ltr'><strong>causa</strong></span> <span class='ocrx_word' id='word_1_90' title='bbox 2308 1522 2621 1589; x_wconf 90' lang='lat' dir='ltr'><strong>efficiente</strong></span> <span class='ocrx_word' id='word_1_91' title='bbox 2665 1524 3027 1589; x_wconf 90' lang='lat' dir='ltr'><strong>necessario</strong></span> 
     </span>
     <span class='ocr_line' id='line_1_12' title="bbox 405 1607 3026 1695; baseline 0.001 -22"><span class='ocrx_word' id='word_1_92' title='bbox 405 1610 717 1693; x_wconf 91' lang='lat' dir='ltr'><strong>sequitur.</strong></span> <span class='ocrx_word' id='word_1_93' title='bbox 787 1607 1035 1675; x_wconf 88' lang='lat' dir='ltr'><strong>Deinde</strong></span> <span class='ocrx_word' id='word_1_94' title='bbox 1100 1611 1202 1675; x_wconf 89' lang='lat' dir='ltr'><strong>his</strong></span> <span class='ocrx_word' id='word_1_95' title='bbox 1260 1611 1451 1676; x_wconf 90' lang='lat' dir='ltr'><strong>etiam</strong></span> <span class='ocrx_word' id='word_1_96' title='bbox 1497 1611 1576 1675; x_wconf 96' lang='lat' dir='ltr'><strong>de</strong></span> <span class='ocrx_word' id='word_1_97' title='bbox 1621 1613 1837 1676; x_wconf 89' lang='lat' dir='ltr'><strong>causis</strong></span> <span class='ocrx_word' id='word_1_98' title='bbox 1881 1629 1984 1676; x_wconf 92' lang='lat' dir='ltr'><strong>res</strong></span> <span class='ocrx_word' id='word_1_99' title='bbox 2028 1612 2248 1695; x_wconf 89' lang='lat' dir='ltr'><strong>aliqua</strong></span> <span class='ocrx_word' id='word_1_100' title='bbox 2291 1611 2707 1695; x_wconf 90' lang='lat' dir='ltr'><strong>impossibilis</strong></span> <span class='ocrx_word' id='word_1_101' title='bbox 2753 1612 3026 1693; x_wconf 69' lang='lat' dir='ltr'><strong>dicitur-3</strong></span> 
     </span>
     <span class='ocr_line' id='line_1_13' title="bbox 403 1699 3094 1784; baseline 0.001 -22"><span class='ocrx_word' id='word_1_102' title='bbox 403 1699 716 1763; x_wconf 91' lang='lat' dir='ltr'><strong>nimirum</strong></span> <span class='ocrx_word' id='word_1_103' title='bbox 763 1700 916 1783; x_wconf 91' lang='lat' dir='ltr'><strong>quia</strong></span> <span class='ocrx_word' id='word_1_104' title='bbox 959 1699 1064 1763; x_wconf 80' lang='lat' dir='ltr'><strong>vel</strong></span> <span class='ocrx_word' id='word_1_105' title='bbox 1108 1700 1315 1783; x_wconf 91' lang='lat' dir='ltr'><strong>ipsius</strong></span> <span class='ocrx_word' id='word_1_106' title='bbox 1360 1701 1637 1766; x_wconf 86' lang='lat' dir='ltr'><strong>essentia</strong></span> <span class='ocrx_word' id='word_1_107' title='bbox 1680 1718 1797 1765; x_wconf 94' lang='lat' dir='ltr'><strong>seu</strong></span> <span class='ocrx_word' id='word_1_108' title='bbox 1837 1699 2122 1766; x_wconf 87' lang='lat' dir='ltr'><strong>definitio</strong></span> <span class='ocrx_word' id='word_1_109' title='bbox 2146 1701 2714 1767; x_wconf 83' lang='lat' dir='ltr'><strong>contradictionem</strong></span> <span class='ocrx_word' id='word_1_110' title='bbox 2734 1702 3027 1784; x_wconf 82' lang='lat' dir='ltr'><strong>involvit,</strong></span> <span class='ocrx_word' id='word_1_111' title='bbox 3090 1712 3094 1713; x_wconf 72' lang='grc'>’</span> 
     </span>
     <span class='ocr_line' id='line_1_14' title="bbox 404 1788 3026 1874; baseline 0.002 -26"><span class='ocrx_word' id='word_1_112' title='bbox 404 1788 508 1853; x_wconf 85' lang='lat' dir='ltr'><strong>vel</strong></span> <span class='ocrx_word' id='word_1_113' title='bbox 554 1788 708 1872; x_wconf 90' lang='lat' dir='ltr'><strong>quia</strong></span> <span class='ocrx_word' id='word_1_114' title='bbox 751 1788 933 1853; x_wconf 90' lang='lat' dir='ltr'><strong>nulla</strong></span> <span class='ocrx_word' id='word_1_115' title='bbox 977 1808 1172 1853; x_wconf 91' lang='lat' dir='ltr'><strong>causa</strong></span> <span class='ocrx_word' id='word_1_116' title='bbox 1217 1793 1486 1854; x_wconf 83' lang='lat' dir='ltr'><strong>externa</strong></span> <span class='ocrx_word' id='word_1_117' title='bbox 1531 1789 1737 1870; x_wconf 87' lang='lat' dir='ltr'><strong>datur,</strong></span> <span class='ocrx_word' id='word_1_118' title='bbox 1783 1788 1864 1853; x_wconf 90' lang='lat' dir='ltr'><strong>ad</strong></span> <span class='ocrx_word' id='word_1_119' title='bbox 1903 1789 2090 1854; x_wconf 92' lang='lat' dir='ltr'><strong>talem</strong></span> <span class='ocrx_word' id='word_1_120' title='bbox 2130 1808 2266 1854; x_wconf 93' lang='lat' dir='ltr'><strong>rem</strong></span> <span class='ocrx_word' id='word_1_121' title='bbox 2308 1790 2781 1874; x_wconf 87' lang='lat' dir='ltr'><strong>producendam</strong></span> <span class='ocrx_word' id='word_1_122' title='bbox 2822 1790 3026 1856; x_wconf 83' lang='lat' dir='ltr'><strong>deter-</strong></span> 
     </span>
     <span class='ocr_line' id='line_1_15' title="bbox 403 1876 3025 1963; baseline 0.002 -23"><span class='ocrx_word' id='word_1_123' title='bbox 403 1878 660 1941; x_wconf 86' lang='lat' dir='ltr'><strong>minata.</strong></span> <span class='ocrx_word' id='word_1_124' title='bbox 727 1876 818 1941; x_wconf 87' lang='lat' dir='ltr'><strong>At</strong></span> <span class='ocrx_word' id='word_1_125' title='bbox 883 1896 984 1943; x_wconf 91' lang='lat' dir='ltr'><strong>res</strong></span> <span class='ocrx_word' id='word_1_126' title='bbox 1053 1878 1271 1962; x_wconf 91' lang='lat' dir='ltr'><strong>aliqua</strong></span> <span class='ocrx_word' id='word_1_127' title='bbox 1338 1878 1520 1943; x_wconf 71' lang='lat' dir='ltr'><strong>nulla</strong></span> <span class='ocrx_word' id='word_1_128' title='bbox 1585 1878 1708 1941; x_wconf 74' lang='lat' dir='ltr'><strong>alia</strong></span> <span class='ocrx_word' id='word_1_129' title='bbox 1773 1877 1853 1944; x_wconf 93' lang='lat' dir='ltr'><strong>de</strong></span> <span class='ocrx_word' id='word_1_130' title='bbox 1914 1894 2109 1944; x_wconf 91' lang='lat' dir='ltr'><strong>causa</strong></span> <span class='ocrx_word' id='word_1_131' title='bbox 2171 1881 2550 1963; x_wconf 91' lang='lat' dir='ltr'><strong>contingens</strong></span> <span class='ocrx_word' id='word_1_132' title='bbox 2596 1879 2848 1962; x_wconf 91' lang='lat' dir='ltr'><strong>dicitur,</strong></span> <span class='ocrx_word' id='word_1_133' title='bbox 2895 1881 3025 1945; x_wconf 94' lang='lat' dir='ltr'><strong>nisi</strong></span> 
     </span>
     <span class='ocr_line' id='line_1_16' title="bbox 402 1965 3024 2051; baseline 0.001 -22"><span class='ocrx_word' id='word_1_134' title='bbox 402 1970 698 2050; x_wconf 89' lang='lat' dir='ltr'><strong>respectu</strong></span> <span class='ocrx_word' id='word_1_135' title='bbox 767 1965 1054 2031; x_wconf 87' lang='lat' dir='ltr'><strong>defectus</strong></span> <span class='ocrx_word' id='word_1_136' title='bbox 1116 1972 1351 2032; x_wconf 72' lang='lat' dir='ltr'><strong>nostras</strong></span> <span class='ocrx_word' id='word_1_137' title='bbox 1396 1968 1795 2051; x_wconf 84' lang='lat' dir='ltr'><strong>cognitionis.</strong></span> <span class='ocrx_word' id='word_1_138' title='bbox 1840 1965 1969 2032; x_wconf 87' lang='lat' dir='ltr'><strong>Res</strong></span> <span class='ocrx_word' id='word_1_139' title='bbox 2014 1969 2206 2051; x_wconf 91' lang='lat' dir='ltr'><strong>enim,</strong></span> <span class='ocrx_word' id='word_1_140' title='bbox 2250 1969 2437 2051; x_wconf 89' lang='lat' dir='ltr'><strong>cujus</strong></span> <span class='ocrx_word' id='word_1_141' title='bbox 2484 1970 2827 2034; x_wconf 90' lang='lat' dir='ltr'><strong>essentiam</strong></span> <span class='ocrx_word' id='word_1_142' title='bbox 2874 1987 3024 2033; x_wconf 91' lang='lat' dir='ltr'><strong>con-</strong></span> 
     </span>
     <span class='ocr_line' id='line_1_17' title="bbox 401 2055 3021 2141; baseline 0.001 -22"><span class='ocrx_word' id='word_1_143' title='bbox 401 2055 845 2121; x_wconf 87' lang='lat' dir='ltr'><strong>tradictionem</strong></span> <span class='ocrx_word' id='word_1_144' title='bbox 912 2055 1240 2122; x_wconf 84' lang='lat' dir='ltr'><strong>involvere</strong></span> <span class='ocrx_word' id='word_1_145' title='bbox 1307 2058 1695 2140; x_wconf 83' lang='lat' dir='ltr'><strong>ignoramus,</strong></span> <span class='ocrx_word' id='word_1_146' title='bbox 1756 2056 1857 2121; x_wconf 83' lang='lat' dir='ltr'><strong>vel</strong></span> <span class='ocrx_word' id='word_1_147' title='bbox 1907 2056 1985 2122; x_wconf 92' lang='lat' dir='ltr'><strong>de</strong></span> <span class='ocrx_word' id='word_1_148' title='bbox 2032 2077 2161 2141; x_wconf 90' lang='lat' dir='ltr'><strong>qna</strong></span> <span class='ocrx_word' id='word_1_149' title='bbox 2204 2057 2403 2141; x_wconf 87' lang='lat' dir='ltr'><strong>probe</strong></span> <span class='ocrx_word' id='word_1_150' title='bbox 2449 2059 2707 2140; x_wconf 91' lang='lat' dir='ltr'><strong>scimus,</strong></span> <span class='ocrx_word' id='word_1_151' title='bbox 2754 2057 3021 2123; x_wconf 91' lang='lat' dir='ltr'><strong>eandem</strong></span> 
     </span>
     <span class='ocr_line' id='line_1_18' title="bbox 401 2144 3022 2230; baseline 0.001 -22"><span class='ocrx_word' id='word_1_152' title='bbox 401 2144 648 2209; x_wconf 89' lang='lat' dir='ltr'><strong>nullam</strong></span> <span class='ocrx_word' id='word_1_153' title='bbox 716 2145 1277 2212; x_wconf 87' lang='lat' dir='ltr'><strong>contradictionem</strong></span> <span class='ocrx_word' id='word_1_154' title='bbox 1338 2145 1667 2211; x_wconf 81' lang='lat' dir='ltr'><strong>involvere</strong></span> <span class='ocrx_word' id='word_1_155' title='bbox 1729 2151 1791 2210; x_wconf 91' lang='lat' dir='ltr'><strong>et</strong></span> <span class='ocrx_word' id='word_1_156' title='bbox 1836 2151 2050 2211; x_wconf 86' lang='lat' dir='ltr'><strong>tamen</strong></span> <span class='ocrx_word' id='word_1_157' title='bbox 2097 2146 2176 2212; x_wconf 98' lang='lat' dir='ltr'><strong>de</strong></span> <span class='ocrx_word' id='word_1_158' title='bbox 2220 2147 2426 2230; x_wconf 90' lang='lat' dir='ltr'><strong>ipsius</strong></span> <span class='ocrx_word' id='word_1_159' title='bbox 2476 2147 2817 2212; x_wconf 83' lang='lat' dir='ltr'><strong>existentia</strong></span> <span class='ocrx_word' id='word_1_160' title='bbox 2860 2147 3022 2211; x_wconf 90' lang='lat' dir='ltr'><strong>nihil</strong></span> 
     </span>
     <span class='ocr_line' id='line_1_19' title="bbox 402 2233 3019 2319; baseline 0.001 -21"><span class='ocrx_word' id='word_1_161' title='bbox 402 2239 575 2299; x_wconf 90' lang='lat' dir='ltr'><strong>certo</strong></span> <span class='ocrx_word' id='word_1_162' title='bbox 642 2233 960 2301; x_wconf 88' lang='lat' dir='ltr'><strong>affirmare</strong></span> <span class='ocrx_word' id='word_1_163' title='bbox 1026 2253 1392 2319; x_wconf 91' lang='lat' dir='ltr'><strong>possumus,</strong></span> <span class='ocrx_word' id='word_1_164' title='bbox 1450 2238 1780 2319; x_wconf 88' lang='lat' dir='ltr'><strong>propterea</strong></span> <span class='ocrx_word' id='word_1_165' title='bbox 1844 2235 2016 2318; x_wconf 90' lang='lat' dir='ltr'><strong>quod</strong></span> <span class='ocrx_word' id='word_1_166' title='bbox 2075 2235 2231 2299; x_wconf 92' lang='lat' dir='ltr'><strong>ordo</strong></span> <span class='ocrx_word' id='word_1_167' title='bbox 2277 2255 2618 2300; x_wconf 89' lang='lat' dir='ltr'><strong>causarum</strong></span> <span class='ocrx_word' id='word_1_168' title='bbox 2666 2254 2785 2302; x_wconf 96' lang='lat' dir='ltr'><strong>nos</strong></span> <span class='ocrx_word' id='word_1_169' title='bbox 2831 2236 3019 2316; x_wconf 80' lang='lat' dir='ltr'><strong>latet3</strong></span> 
     </span>
     <span class='ocr_line' id='line_1_20' title="bbox 402 2323 3022 2410; baseline 0 -21"><span class='ocrx_word' id='word_1_170' title='bbox 402 2342 479 2389; x_wconf 91' lang='lat' dir='ltr'><strong>ea</strong></span> <span class='ocrx_word' id='word_1_171' title='bbox 523 2343 881 2406; x_wconf 91' lang='lat' dir='ltr'><strong>nunquam,</strong></span> <span class='ocrx_word' id='word_1_172' title='bbox 925 2343 1045 2389; x_wconf 93' lang='lat' dir='ltr'><strong>nec</strong></span> <span class='ocrx_word' id='word_1_173' title='bbox 1091 2330 1165 2389; x_wconf 96' lang='grc' dir='ltr'><strong>ιιι</strong></span> <span class='ocrx_word' id='word_1_174' title='bbox 1209 2325 1585 2405; x_wconf 90' lang='lat' dir='ltr'><strong>necessaria,</strong></span> <span class='ocrx_word' id='word_1_175' title='bbox 1630 2342 1750 2389; x_wconf 91' lang='lat' dir='ltr'><strong>nec</strong></span> <span class='ocrx_word' id='word_1_176' title='bbox 1793 2330 1869 2389; x_wconf 91' lang='lat' dir='ltr'><strong>ut</strong></span> <span class='ocrx_word' id='word_1_177' title='bbox 1905 2323 2321 2408; x_wconf 90' lang='lat' dir='ltr'><strong>impossibilis</strong></span> <span class='ocrx_word' id='word_1_178' title='bbox 2360 2325 2565 2391; x_wconf 80' lang='lat' dir='ltr'><strong>videri</strong></span> <span class='ocrx_word' id='word_1_179' title='bbox 2586 2324 2774 2391; x_wconf 92' lang='lat' dir='ltr'><strong>nobis</strong></span> <span class='ocrx_word' id='word_1_180' title='bbox 2796 2330 3022 2410; x_wconf 90' lang='lat' dir='ltr'><strong>potest,</strong></span> 
     </span>
     <span class='ocr_line' id='line_1_21' title="bbox 399 2412 2609 2499; baseline 0.001 -23"><span class='ocrx_word' id='word_1_181' title='bbox 399 2412 676 2497; x_wconf 88' lang='lat' dir='ltr'><strong>ideoque</strong></span> <span class='ocrx_word' id='word_1_182' title='bbox 721 2413 987 2479; x_wconf 93' lang='lat' dir='ltr'><strong>eandem</strong></span> <span class='ocrx_word' id='word_1_183' title='bbox 1035 2413 1137 2480; x_wconf 82' lang='lat' dir='ltr'><strong>vel</strong></span> <span class='ocrx_word' id='word_1_184' title='bbox 1181 2415 1675 2499; x_wconf 85' lang='lat' dir='ltr'><strong>contingentem,</strong></span> <span class='ocrx_word' id='word_1_185' title='bbox 1719 2414 1826 2478; x_wconf 81' lang='lat' dir='ltr'><strong>vel</strong></span> <span class='ocrx_word' id='word_1_186' title='bbox 1869 2413 2240 2498; x_wconf 91' lang='lat' dir='ltr'><strong>possibilem</strong></span> <span class='ocrx_word' id='word_1_187' title='bbox 2287 2433 2609 2479; x_wconf 82' lang='lat' dir='ltr'><strong>vocamus.</strong></span> 
     </span>
    </p>
   </div>
   <div class='ocr_carea' id='block_1_5' title="bbox 1409 2544 2012 2591">
    <p class='ocr_par' dir='ltr' id='par_1_5' title="bbox 1409 2544 2012 2591">
     <span class='ocr_line' id='line_1_22' title="bbox 1409 2544 2012 2591; baseline -0.002 0"><span class='ocrx_word' id='word_1_188' title='bbox 1409 2544 1864 2591; x_wconf 72' lang='lat' dir='ltr'>SOHOLIUM</span> <span class='ocrx_word' id='word_1_189' title='bbox 1948 2546 2012 2590; x_wconf 90' lang='lat'><strong>11.</strong></span> 
     </span>
    </p>
   </div>
   <div class='ocr_carea' id='block_1_6' title="bbox 390 2624 3027 4762">
    <p class='ocr_par' dir='ltr' id='par_1_6' title="bbox 390 2624 3027 4762">
     <span class='ocr_line' id='line_1_23' title="bbox 488 2624 3022 2712; baseline 0.001 -23"><span class='ocrx_word' id='word_1_190' title='bbox 488 2624 594 2689; x_wconf 83' lang='lat' dir='ltr'><strong>Ex</strong></span> <span class='ocrx_word' id='word_1_191' title='bbox 637 2625 1139 2710; x_wconf 81' lang='lat' dir='ltr'><strong>praecedentibus</strong></span> <span class='ocrx_word' id='word_1_192' title='bbox 1182 2628 1350 2693; x_wconf 90' lang='lat' dir='ltr'><strong>clare</strong></span> <span class='ocrx_word' id='word_1_193' title='bbox 1396 2628 1706 2711; x_wconf 88' lang='lat' dir='ltr'><strong>sequitur,</strong></span> <span class='ocrx_word' id='word_1_194' title='bbox 1751 2645 1856 2692; x_wconf 91' lang='lat' dir='ltr'><strong>res</strong></span> <span class='ocrx_word' id='word_1_195' title='bbox 1902 2646 2153 2692; x_wconf 91' lang='lat' dir='ltr'><strong>summa</strong></span> <span class='ocrx_word' id='word_1_196' title='bbox 2191 2627 2577 2712; x_wconf 84' lang='lat' dir='ltr'><strong>perfectione</strong></span> <span class='ocrx_word' id='word_1_197' title='bbox 2600 2649 2638 2692; x_wconf 90' lang='lat' dir='ltr'><strong>a</strong></span> <span class='ocrx_word' id='word_1_198' title='bbox 2662 2625 2797 2692; x_wconf 92' lang='lat' dir='ltr'><strong>Deo</strong></span> <span class='ocrx_word' id='word_1_199' title='bbox 2819 2627 3022 2692; x_wconf 90' lang='lat' dir='ltr'><strong>fuisse</strong></span> 
     </span>
     <span class='ocr_line' id='line_1_24' title="bbox 397 2714 3018 2801; baseline 0.001 -23"><span class='ocrx_word' id='word_1_200' title='bbox 397 2714 775 2799; x_wconf 88' lang='lat' dir='ltr'><strong>productas:</strong></span> <span class='ocrx_word' id='word_1_201' title='bbox 862 2716 1383 2801; x_wconf 89' lang='lat' dir='ltr'><strong>quandoquidem</strong></span> <span class='ocrx_word' id='word_1_202' title='bbox 1466 2735 1551 2782; x_wconf 82' lang='lat' dir='ltr'><strong>ex</strong></span> <span class='ocrx_word' id='word_1_203' title='bbox 1616 2715 1763 2781; x_wconf 89' lang='lat' dir='ltr'><strong>data</strong></span> <span class='ocrx_word' id='word_1_204' title='bbox 1830 2716 2294 2801; x_wconf 84' lang='lat' dir='ltr'><strong>perfectissima</strong></span> <span class='ocrx_word' id='word_1_205' title='bbox 2361 2721 2591 2781; x_wconf 90' lang='lat' dir='ltr'><strong>natura</strong></span> <span class='ocrx_word' id='word_1_206' title='bbox 2658 2718 3018 2782; x_wconf 90' lang='lat' dir='ltr'><strong>necessario</strong></span> 
     </span>
     <span class='ocr_line' id='line_1_25' title="bbox 398 2804 3019 2891; baseline 0.001 -23"><span class='ocrx_word' id='word_1_207' title='bbox 398 2809 636 2869; x_wconf 62' lang='lat' dir='ltr'><strong>secutae</strong></span> <span class='ocrx_word' id='word_1_208' title='bbox 703 2809 872 2869; x_wconf 88' lang='lat' dir='ltr'><strong>sunt.</strong></span> <span class='ocrx_word' id='word_1_209' title='bbox 939 2804 1168 2891; x_wconf 88' lang='lat' dir='ltr'><strong>Neque</strong></span> <span class='ocrx_word' id='word_1_210' title='bbox 1233 2806 1354 2870; x_wconf 88' lang='lat' dir='ltr'><strong>hoc</strong></span> <span class='ocrx_word' id='word_1_211' title='bbox 1419 2804 1630 2870; x_wconf 88' lang='lat' dir='ltr'><strong>Deum</strong></span> <span class='ocrx_word' id='word_1_212' title='bbox 1699 2806 1899 2871; x_wconf 89' lang='lat' dir='ltr'><strong>ullius</strong></span> <span class='ocrx_word' id='word_1_213' title='bbox 1958 2808 2173 2890; x_wconf 89' lang='lat' dir='ltr'><strong>arguit</strong></span> <span class='ocrx_word' id='word_1_214' title='bbox 2232 2805 2767 2891; x_wconf 87' lang='lat' dir='ltr'><strong>imperfectionis;</strong></span> <span class='ocrx_word' id='word_1_215' title='bbox 2814 2807 3019 2888; x_wconf 92' lang='lat' dir='ltr'><strong>ipsius</strong></span> 
     </span>
     <span class='ocr_line' id='line_1_26' title="bbox 397 2893 3022 2979; baseline 0.001 -21"><span class='ocrx_word' id='word_1_216' title='bbox 397 2894 570 2958; x_wconf 92' lang='lat' dir='ltr'><strong>enim</strong></span> <span class='ocrx_word' id='word_1_217' title='bbox 622 2893 922 2977; x_wconf 87' lang='lat' dir='ltr'><strong>perfectio</strong></span> <span class='ocrx_word' id='word_1_218' title='bbox 968 2895 1090 2960; x_wconf 92' lang='lat' dir='ltr'><strong>hoc</strong></span> <span class='ocrx_word' id='word_1_219' title='bbox 1134 2914 1252 2960; x_wconf 95' lang='lat' dir='ltr'><strong>nos</strong></span> <span class='ocrx_word' id='word_1_220' title='bbox 1298 2894 1616 2960; x_wconf 81' lang='lat' dir='ltr'><strong>affirmare</strong></span> <span class='ocrx_word' id='word_1_221' title='bbox 1660 2897 1883 2979; x_wconf 72' lang='lat' dir='ltr'><strong>coegit.</strong></span> <span class='ocrx_word' id='word_1_222' title='bbox 1928 2895 2070 2960; x_wconf 91' lang='lat' dir='ltr'><strong>Imo</strong></span> <span class='ocrx_word' id='word_1_223' title='bbox 2118 2914 2202 2961; x_wconf 82' lang='lat' dir='ltr'><strong>ex</strong></span> <span class='ocrx_word' id='word_1_224' title='bbox 2247 2896 2444 2979; x_wconf 90' lang='lat' dir='ltr'><strong>hujus</strong></span> <span class='ocrx_word' id='word_1_225' title='bbox 2490 2896 2806 2960; x_wconf 90' lang='lat' dir='ltr'><strong>contrario</strong></span> <span class='ocrx_word' id='word_1_226' title='bbox 2852 2894 3022 2960; x_wconf 90' lang='lat' dir='ltr'><strong>clare</strong></span> 
     </span>
     <span class='ocr_line' id='line_1_27' title="bbox 395 2982 3022 3068; baseline 0.001 -22"><span class='ocrx_word' id='word_1_227' title='bbox 395 2988 772 3066; x_wconf 85' lang='lat' dir='ltr'><strong>sequeretur</strong></span> <span class='ocrx_word' id='word_1_228' title='bbox 817 2987 912 3064; x_wconf 91' lang='lat' dir='ltr'><strong>(ut</strong></span> <span class='ocrx_word' id='word_1_229' title='bbox 959 2985 1147 3049; x_wconf 91' lang='lat' dir='ltr'><strong>modo</strong></span> <span class='ocrx_word' id='word_1_230' title='bbox 1192 2983 1486 3067; x_wconf 91' lang='lat' dir='ltr'><strong>ostendi),</strong></span> <span class='ocrx_word' id='word_1_231' title='bbox 1531 2982 1745 3049; x_wconf 88' lang='lat' dir='ltr'><strong>Deum</strong></span> <span class='ocrx_word' id='word_1_232' title='bbox 1790 3003 1923 3049; x_wconf 94' lang='lat' dir='ltr'><strong>non</strong></span> <span class='ocrx_word' id='word_1_233' title='bbox 1964 3002 2106 3050; x_wconf 92' lang='lat' dir='ltr'><strong>esse</strong></span> <span class='ocrx_word' id='word_1_234' title='bbox 2146 3004 2398 3051; x_wconf 91' lang='lat' dir='ltr'><strong>summe</strong></span> <span class='ocrx_word' id='word_1_235' title='bbox 2421 2984 2807 3068; x_wconf 77' lang='lat' dir='ltr'><strong>perfectum3</strong></span> <span class='ocrx_word' id='word_1_236' title='bbox 2832 2985 3022 3048; x_wconf 90' lang='lat' dir='ltr'><strong>nimi-</strong></span> 
     </span>
     <span class='ocr_line' id='line_1_28' title="bbox 396 3073 3023 3158; baseline 0.001 -22"><span class='ocrx_word' id='word_1_237' title='bbox 396 3091 546 3136; x_wconf 92' lang='lat' dir='ltr'><strong>rum</strong></span> <span class='ocrx_word' id='word_1_238' title='bbox 607 3075 776 3156; x_wconf 90' lang='lat' dir='ltr'><strong>quia,</strong></span> <span class='ocrx_word' id='word_1_239' title='bbox 838 3075 896 3137; x_wconf 89' lang='lat' dir='ltr'><strong>si</strong></span> <span class='ocrx_word' id='word_1_240' title='bbox 951 3092 1055 3139; x_wconf 92' lang='lat' dir='ltr'><strong>res</strong></span> <span class='ocrx_word' id='word_1_241' title='bbox 1115 3074 1238 3138; x_wconf 91' lang='lat' dir='ltr'><strong>alio</strong></span> <span class='ocrx_word' id='word_1_242' title='bbox 1284 3073 1472 3138; x_wconf 92' lang='lat' dir='ltr'><strong>modo</strong></span> <span class='ocrx_word' id='word_1_243' title='bbox 1516 3073 1791 3139; x_wconf 88' lang='lat' dir='ltr'><strong>fuissent</strong></span> <span class='ocrx_word' id='word_1_244' title='bbox 1837 3073 2182 3158; x_wconf 84' lang='lat' dir='ltr'><strong>productae,</strong></span> <span class='ocrx_word' id='word_1_245' title='bbox 2226 3073 2363 3139; x_wconf 90' lang='lat' dir='ltr'><strong>Deo</strong></span> <span class='ocrx_word' id='word_1_246' title='bbox 2410 3074 2535 3138; x_wconf 91' lang='lat' dir='ltr'><strong>alia</strong></span> <span class='ocrx_word' id='word_1_247' title='bbox 2578 3078 2808 3139; x_wconf 88' lang='lat' dir='ltr'><strong>natura</strong></span> <span class='ocrx_word' id='word_1_248' title='bbox 2853 3077 3023 3139; x_wconf 90' lang='lat' dir='ltr'><strong>esset</strong></span> 
     </span>
     <span class='ocr_line' id='line_1_29' title="bbox 395 3159 3021 3247; baseline 0.001 -23"><span class='ocrx_word' id='word_1_249' title='bbox 395 3159 752 3244; x_wconf 90' lang='lat' dir='ltr'><strong>tribuenda,</strong></span> <span class='ocrx_word' id='word_1_250' title='bbox 820 3161 1075 3228; x_wconf 82' lang='lat' dir='ltr'><strong>diversa</strong></span> <span class='ocrx_word' id='word_1_251' title='bbox 1138 3162 1218 3227; x_wconf 96' lang='lat' dir='ltr'><strong>ab</strong></span> <span class='ocrx_word' id='word_1_252' title='bbox 1280 3182 1373 3247; x_wconf 87' lang='lat' dir='ltr'><strong>ea,</strong></span> <span class='ocrx_word' id='word_1_253' title='bbox 1419 3182 1613 3247; x_wconf 91' lang='lat' dir='ltr'><strong>quam</strong></span> <span class='ocrx_word' id='word_1_254' title='bbox 1659 3181 1743 3229; x_wconf 85' lang='lat' dir='ltr'><strong>ex</strong></span> <span class='ocrx_word' id='word_1_255' title='bbox 1788 3163 2300 3228; x_wconf 90' lang='lat' dir='ltr'><strong>consideratione</strong></span> <span class='ocrx_word' id='word_1_256' title='bbox 2342 3161 2530 3228; x_wconf 86' lang='lat' dir='ltr'><strong>Entis</strong></span> <span class='ocrx_word' id='word_1_257' title='bbox 2575 3162 3021 3247; x_wconf 89' lang='lat' dir='ltr'><strong>perfectissimi</strong></span> 
     </span>
     <span class='ocr_line' id='line_1_30' title="bbox 393 3251 3019 3336; baseline 0.001 -23"><span class='ocrx_word' id='word_1_258' title='bbox 393 3251 595 3314; x_wconf 90' lang='lat' dir='ltr'><strong>coacti</strong></span> <span class='ocrx_word' id='word_1_259' title='bbox 640 3270 870 3316; x_wconf 92' lang='lat' dir='ltr'><strong>sumus</strong></span> <span class='ocrx_word' id='word_1_260' title='bbox 915 3253 975 3317; x_wconf 91' lang='lat' dir='ltr'><strong>ei</strong></span> <span class='ocrx_word' id='word_1_261' title='bbox 1019 3251 1317 3318; x_wconf 89' lang='lat' dir='ltr'><strong>tribuere.</strong></span> <span class='ocrx_word' id='word_1_262' title='bbox 1363 3251 1608 3318; x_wconf 88' lang='lat' dir='ltr'><strong>Verum</strong></span> <span class='ocrx_word' id='word_1_263' title='bbox 1653 3270 1784 3316; x_wconf 93' lang='lat' dir='ltr'><strong>non</strong></span> <span class='ocrx_word' id='word_1_264' title='bbox 1832 3251 2075 3334; x_wconf 90' lang='lat' dir='ltr'><strong>dubito,</strong></span> <span class='ocrx_word' id='word_1_265' title='bbox 2123 3253 2281 3336; x_wconf 91' lang='lat' dir='ltr'><strong>quin</strong></span> <span class='ocrx_word' id='word_1_266' title='bbox 2327 3252 2513 3316; x_wconf 89' lang='lat' dir='ltr'><strong>multi</strong></span> <span class='ocrx_word' id='word_1_267' title='bbox 2557 3253 2722 3317; x_wconf 89' lang='lat' dir='ltr'><strong>hanc</strong></span> <span class='ocrx_word' id='word_1_268' title='bbox 2764 3257 3019 3318; x_wconf 91' lang='lat' dir='ltr'><strong>senten-</strong></span> 
     </span>
     <span class='ocr_line' id='line_1_31' title="bbox 395 3340 3017 3426; baseline 0.002 -24"><span class='ocrx_word' id='word_1_269' title='bbox 395 3340 551 3403; x_wconf 91' lang='lat' dir='ltr'><strong>tiam</strong></span> <span class='ocrx_word' id='word_1_270' title='bbox 619 3345 693 3404; x_wconf 89' lang='lat' dir='ltr'><strong>ut</strong></span> <span class='ocrx_word' id='word_1_271' title='bbox 751 3340 1096 3406; x_wconf 89' lang='lat' dir='ltr'><strong>absurdam</strong></span> <span class='ocrx_word' id='word_1_272' title='bbox 1157 3341 1523 3426; x_wconf 85' lang='lat' dir='ltr'><strong>explodaut,</strong></span> <span class='ocrx_word' id='word_1_273' title='bbox 1567 3359 1686 3406; x_wconf 92' lang='lat' dir='ltr'><strong>nec</strong></span> <span class='ocrx_word' id='word_1_274' title='bbox 1731 3343 2021 3405; x_wconf 90' lang='lat' dir='ltr'><strong>animum</strong></span> <span class='ocrx_word' id='word_1_275' title='bbox 2068 3340 2148 3405; x_wconf 92' lang='lat' dir='ltr'><strong>ad</strong></span> <span class='ocrx_word' id='word_1_276' title='bbox 2194 3341 2458 3406; x_wconf 92' lang='lat' dir='ltr'><strong>eandem</strong></span> <span class='ocrx_word' id='word_1_277' title='bbox 2505 3340 3017 3425; x_wconf 90' lang='lat' dir='ltr'><strong>perpendendam</strong></span> 
     </span>
     <span class='ocr_line' id='line_1_32' title="bbox 394 3428 3015 3515; baseline 0.001 -24"><span class='ocrx_word' id='word_1_278' title='bbox 394 3429 736 3495; x_wconf 91' lang='lat' dir='ltr'><strong>instituere</strong></span> <span class='ocrx_word' id='word_1_279' title='bbox 799 3429 1035 3510; x_wconf 80' lang='lat' dir='ltr'><strong>velint3</strong></span> <span class='ocrx_word' id='word_1_280' title='bbox 1104 3430 1300 3515; x_wconf 91' lang='lat' dir='ltr'><strong>idque</strong></span> <span class='ocrx_word' id='word_1_281' title='bbox 1369 3431 1550 3495; x_wconf 90' lang='lat' dir='ltr'><strong>nulla</strong></span> <span class='ocrx_word' id='word_1_282' title='bbox 1618 3429 1742 3494; x_wconf 88' lang='lat' dir='ltr'><strong>alia</strong></span> <span class='ocrx_word' id='word_1_283' title='bbox 1800 3430 1880 3495; x_wconf 88' lang='lat' dir='ltr'><strong>de</strong></span> <span class='ocrx_word' id='word_1_284' title='bbox 1940 3449 2156 3512; x_wconf 91' lang='lat' dir='ltr'><strong>causa,</strong></span> <span class='ocrx_word' id='word_1_285' title='bbox 2202 3450 2394 3514; x_wconf 90' lang='lat' dir='ltr'><strong>quam</strong></span> <span class='ocrx_word' id='word_1_286' title='bbox 2447 3432 2600 3515; x_wconf 90' lang='lat' dir='ltr'><strong>quia</strong></span> <span class='ocrx_word' id='word_1_287' title='bbox 2645 3428 2781 3495; x_wconf 92' lang='lat' dir='ltr'><strong>Deo</strong></span> <span class='ocrx_word' id='word_1_288' title='bbox 2824 3430 3015 3494; x_wconf 85' lang='lat' dir='ltr'><strong>aliam</strong></span> 
     </span>
     <span class='ocr_line' id='line_1_33' title="bbox 393 3516 3018 3603; baseline 0.001 -22"><span class='ocrx_word' id='word_1_289' title='bbox 393 3516 751 3583; x_wconf 90' lang='lat' dir='ltr'><strong>libertatem</strong></span> <span class='ocrx_word' id='word_1_290' title='bbox 812 3522 1053 3585; x_wconf 90' lang='lat' dir='ltr'><strong>assueti</strong></span> <span class='ocrx_word' id='word_1_291' title='bbox 1114 3524 1268 3584; x_wconf 91' lang='lat' dir='ltr'><strong>sunt</strong></span> <span class='ocrx_word' id='word_1_292' title='bbox 1310 3519 1610 3601; x_wconf 90' lang='lat' dir='ltr'><strong>tribuere,</strong></span> <span class='ocrx_word' id='word_1_293' title='bbox 1655 3519 1845 3603; x_wconf 90' lang='lat' dir='ltr'><strong>longe</strong></span> <span class='ocrx_word' id='word_1_294' title='bbox 1889 3518 2207 3584; x_wconf 82' lang='lat' dir='ltr'><strong>diversam</strong></span> <span class='ocrx_word' id='word_1_295' title='bbox 2255 3519 2333 3584; x_wconf 92' lang='lat' dir='ltr'><strong>ab</strong></span> <span class='ocrx_word' id='word_1_296' title='bbox 2379 3518 2507 3603; x_wconf 86' lang='lat' dir='ltr'><strong>illa,</strong></span> <span class='ocrx_word' id='word_1_297' title='bbox 2554 3538 2699 3603; x_wconf 82' lang='lat' dir='ltr'><strong>quae</strong></span> <span class='ocrx_word' id='word_1_298' title='bbox 2745 3539 2784 3583; x_wconf 93' lang='lat' dir='ltr'><strong>a</strong></span> <span class='ocrx_word' id='word_1_299' title='bbox 2829 3518 3018 3584; x_wconf 94' lang='lat' dir='ltr'><strong>nobis</strong></span> 
     </span>
     <span class='ocr_line' id='line_1_34' title="bbox 396 3605 3017 3692; baseline 0.001 -21"><span class='ocrx_word' id='word_1_300' title='bbox 396 3605 630 3689; x_wconf 80' lang='lat' dir='ltr'><strong>(Defin.</strong></span> <span class='ocrx_word' id='word_1_301' title='bbox 678 3607 737 3672; x_wconf 88' lang='lat'><strong>7.</strong></span> <span class='ocrx_word' id='word_1_302' title='bbox 768 3606 810 3687; x_wconf 89' lang='lat'><strong>¹)</strong></span> <span class='ocrx_word' id='word_1_303' title='bbox 853 3609 1084 3673; x_wconf 87' lang='lat' dir='ltr'><strong>tradita</strong></span> <span class='ocrx_word' id='word_1_304' title='bbox 1128 3614 1255 3688; x_wconf 83' lang='lat' dir='ltr'><strong>est3</strong></span> <span class='ocrx_word' id='word_1_305' title='bbox 1306 3608 1601 3673; x_wconf 85' lang='lat' dir='ltr'><strong>videlicet</strong></span> <span class='ocrx_word' id='word_1_306' title='bbox 1643 3607 2003 3673; x_wconf 91' lang='lat' dir='ltr'><strong>absolutam</strong></span> <span class='ocrx_word' id='word_1_307' title='bbox 2049 3609 2461 3674; x_wconf 82' lang='lat' dir='ltr'><strong>voluntatem.</strong></span> <span class='ocrx_word' id='word_1_308' title='bbox 2508 3607 2755 3673; x_wconf 89' lang='lat' dir='ltr'><strong>Verum</strong></span> <span class='ocrx_word' id='word_1_309' title='bbox 2805 3626 3017 3692; x_wconf 90' lang='lat' dir='ltr'><strong>neque</strong></span> 
     </span>
     <span class='ocr_line' id='line_1_35' title="bbox 396 3696 3016 3782; baseline 0 -22"><span class='ocrx_word' id='word_1_310' title='bbox 396 3697 586 3761; x_wconf 90' lang='lat' dir='ltr'><strong>etiam</strong></span> <span class='ocrx_word' id='word_1_311' title='bbox 653 3696 896 3779; x_wconf 91' lang='lat' dir='ltr'><strong>dubito,</strong></span> <span class='ocrx_word' id='word_1_312' title='bbox 943 3699 1001 3762; x_wconf 93' lang='lat' dir='ltr'><strong>si</strong></span> <span class='ocrx_word' id='word_1_313' title='bbox 1042 3716 1177 3763; x_wconf 92' lang='lat' dir='ltr'><strong>rem</strong></span> <span class='ocrx_word' id='word_1_314' title='bbox 1224 3697 1515 3762; x_wconf 87' lang='lat' dir='ltr'><strong>meditari</strong></span> <span class='ocrx_word' id='word_1_315' title='bbox 1561 3697 1816 3780; x_wconf 82' lang='lat' dir='ltr'><strong>vellent,</strong></span> <span class='ocrx_word' id='word_1_316' title='bbox 1860 3702 2357 3782; x_wconf 89' lang='lat' dir='ltr'><strong>nostrarumque</strong></span> <span class='ocrx_word' id='word_1_317' title='bbox 2401 3696 3016 3762; x_wconf 86' lang='lat' dir='ltr'><strong>demonstrationum</strong></span> 
     </span>
     <span class='ocr_line' id='line_1_36' title="bbox 396 3786 3017 3871; baseline 0 -21"><span class='ocrx_word' id='word_1_318' title='bbox 396 3788 626 3850; x_wconf 90' lang='lat' dir='ltr'><strong>seriem</strong></span> <span class='ocrx_word' id='word_1_319' title='bbox 672 3791 843 3852; x_wconf 91' lang='lat' dir='ltr'><strong>recte</strong></span> <span class='ocrx_word' id='word_1_320' title='bbox 888 3805 1107 3851; x_wconf 91' lang='lat' dir='ltr'><strong>secum</strong></span> <span class='ocrx_word' id='word_1_321' title='bbox 1152 3787 1558 3871; x_wconf 89' lang='lat' dir='ltr'><strong>perpendere,</strong></span> <span class='ocrx_word' id='word_1_322' title='bbox 1604 3788 1763 3871; x_wconf 88' lang='lat' dir='ltr'><strong>quin</strong></span> <span class='ocrx_word' id='word_1_323' title='bbox 1811 3786 2070 3852; x_wconf 91' lang='lat' dir='ltr'><strong>tandem</strong></span> <span class='ocrx_word' id='word_1_324' title='bbox 2115 3786 2308 3853; x_wconf 86' lang='lat' dir='ltr'><strong>talem</strong></span> <span class='ocrx_word' id='word_1_325' title='bbox 2344 3786 2721 3869; x_wconf 88' lang='lat' dir='ltr'><strong>libertatem,</strong></span> <span class='ocrx_word' id='word_1_326' title='bbox 2760 3786 3017 3870; x_wconf 90' lang='lat' dir='ltr'><strong>qualem</strong></span> 
     </span>
     <span class='ocr_line' id='line_1_37' title="bbox 390 3873 3018 3960; baseline 0 -22"><span class='ocrx_word' id='word_1_327' title='bbox 390 3875 524 3958; x_wconf 90' lang='lat' dir='ltr'><strong>jam</strong></span> <span class='ocrx_word' id='word_1_328' title='bbox 572 3873 707 3940; x_wconf 93' lang='lat' dir='ltr'><strong>Deo</strong></span> <span class='ocrx_word' id='word_1_329' title='bbox 751 3875 1067 3958; x_wconf 90' lang='lat' dir='ltr'><strong>tribuunt,</strong></span> <span class='ocrx_word' id='word_1_330' title='bbox 1109 3895 1241 3940; x_wconf 94' lang='lat' dir='ltr'><strong>non</strong></span> <span class='ocrx_word' id='word_1_331' title='bbox 1288 3880 1541 3941; x_wconf 89' lang='lat' dir='ltr'><strong>tantum</strong></span> <span class='ocrx_word' id='word_1_332' title='bbox 1588 3881 1660 3940; x_wconf 91' lang='grc' dir='ltr'><strong>ιιι</strong></span> <span class='ocrx_word' id='word_1_333' title='bbox 1696 3877 2122 3960; x_wconf 89' lang='lat' dir='ltr'><strong>nugatoriam,</strong></span> <span class='ocrx_word' id='word_1_334' title='bbox 2156 3876 2271 3941; x_wconf 91' lang='lat' dir='ltr'><strong>sed</strong></span> <span class='ocrx_word' id='word_1_335' title='bbox 2309 3880 2381 3940; x_wconf 91' lang='lat' dir='ltr'><strong>ut</strong></span> <span class='ocrx_word' id='word_1_336' title='bbox 2405 3895 2708 3960; x_wconf 90' lang='lat' dir='ltr'><strong>magnum</strong></span> <span class='ocrx_word' id='word_1_337' title='bbox 2734 3875 3018 3940; x_wconf 80' lang='lat' dir='ltr'><strong>scientiae</strong></span> 
     </span>
     <span class='ocr_line' id='line_1_38' title="bbox 395 3963 3017 4050; baseline 0 -22"><span class='ocrx_word' id='word_1_338' title='bbox 395 3963 818 4046; x_wconf 87' lang='lat' dir='ltr'><strong>obstaculum,</strong></span> <span class='ocrx_word' id='word_1_339' title='bbox 864 3964 1054 4047; x_wconf 92' lang='lat' dir='ltr'><strong>plane</strong></span> <span class='ocrx_word' id='word_1_340' title='bbox 1094 3966 1398 4048; x_wconf 87' lang='lat' dir='ltr'><strong>rejiciant.</strong></span> <span class='ocrx_word' id='word_1_341' title='bbox 1442 3963 1579 4029; x_wconf 88' lang='lat' dir='ltr'><strong>Nec</strong></span> <span class='ocrx_word' id='word_1_342' title='bbox 1625 3984 1788 4049; x_wconf 92' lang='lat' dir='ltr'><strong>opus</strong></span> <span class='ocrx_word' id='word_1_343' title='bbox 1837 3970 1952 4048; x_wconf 90' lang='lat' dir='ltr'><strong>est,</strong></span> <span class='ocrx_word' id='word_1_344' title='bbox 1997 3971 2071 4030; x_wconf 89' lang='lat' dir='ltr'><strong>ut</strong></span> <span class='ocrx_word' id='word_1_345' title='bbox 2114 3983 2206 4047; x_wconf 89' lang='lat' dir='ltr'><strong>ea,</strong></span> <span class='ocrx_word' id='word_1_346' title='bbox 2254 3984 2399 4050; x_wconf 82' lang='lat' dir='ltr'><strong>quae</strong></span> <span class='ocrx_word' id='word_1_347' title='bbox 2442 3966 2509 4028; x_wconf 94' lang='lat' dir='ltr'><strong>in</strong></span> <span class='ocrx_word' id='word_1_348' title='bbox 2557 3963 2812 4028; x_wconf 86' lang='lat' dir='ltr'><strong>Scholio</strong></span> <span class='ocrx_word' id='word_1_349' title='bbox 2858 3963 3017 4028; x_wconf 89' lang='lat' dir='ltr'><strong>Pro-</strong></span> 
     </span>
     <span class='ocr_line' id='line_1_39' title="bbox 391 4053 3015 4138; baseline -0 -20"><span class='ocrx_word' id='word_1_350' title='bbox 391 4054 729 4137; x_wconf 92' lang='lat' dir='ltr'><strong>positionis</strong></span> <span class='ocrx_word' id='word_1_351' title='bbox 802 4053 901 4117; x_wconf 87' lang='grc'><strong>17.</strong></span> <span class='ocrx_word' id='word_1_352' title='bbox 973 4053 1142 4118; x_wconf 90' lang='lat' dir='ltr'><strong>dicta</strong></span> <span class='ocrx_word' id='word_1_353' title='bbox 1209 4059 1381 4137; x_wconf 89' lang='lat' dir='ltr'><strong>sunt,</strong></span> <span class='ocrx_word' id='word_1_354' title='bbox 1447 4054 1552 4118; x_wconf 90' lang='lat' dir='ltr'><strong>hic</strong></span> <span class='ocrx_word' id='word_1_355' title='bbox 1619 4059 1920 4138; x_wconf 89' lang='lat' dir='ltr'><strong>repetam.</strong></span> <span class='ocrx_word' id='word_1_356' title='bbox 1984 4058 2284 4119; x_wconf 89' lang='lat' dir='ltr'><strong>Attamen</strong></span> <span class='ocrx_word' id='word_1_357' title='bbox 2346 4055 2414 4116; x_wconf 91' lang='lat' dir='ltr'><strong>in</strong></span> <span class='ocrx_word' id='word_1_358' title='bbox 2476 4072 2697 4119; x_wconf 91' lang='lat' dir='ltr'><strong>eorum</strong></span> <span class='ocrx_word' id='word_1_359' title='bbox 2742 4055 3015 4137; x_wconf 89' lang='lat' dir='ltr'><strong>gratiam</strong></span> 
     </span>
     <span class='ocr_line' id='line_1_40' title="bbox 394 4140 3017 4228; baseline -0 -23"><span class='ocrx_word' id='word_1_360' title='bbox 394 4142 605 4206; x_wconf 85' lang='lat' dir='ltr'><strong>adhuc</strong></span> <span class='ocrx_word' id='word_1_361' title='bbox 649 4142 999 4224; x_wconf 88' lang='lat' dir='ltr'><strong>ostendam,</strong></span> <span class='ocrx_word' id='word_1_362' title='bbox 1047 4143 1238 4227; x_wconf 91' lang='lat' dir='ltr'><strong>quod,</strong></span> <span class='ocrx_word' id='word_1_363' title='bbox 1286 4144 1583 4228; x_wconf 84' lang='lat' dir='ltr'><strong>quamvis</strong></span> <span class='ocrx_word' id='word_1_364' title='bbox 1629 4143 2035 4226; x_wconf 89' lang='lat' dir='ltr'><strong>concedatur,</strong></span> <span class='ocrx_word' id='word_1_365' title='bbox 2080 4142 2478 4208; x_wconf 83' lang='lat' dir='ltr'><strong>voluntatem</strong></span> <span class='ocrx_word' id='word_1_366' title='bbox 2523 4142 2603 4206; x_wconf 90' lang='lat' dir='ltr'><strong>ad</strong></span> <span class='ocrx_word' id='word_1_367' title='bbox 2644 4140 2764 4207; x_wconf 93' lang='lat' dir='ltr'><strong>Dei</strong></span> <span class='ocrx_word' id='word_1_368' title='bbox 2804 4161 3017 4209; x_wconf 91' lang='lat' dir='ltr'><strong>essen-</strong></span> 
     </span>
     <span class='ocr_line' id='line_1_41' title="bbox 393 4231 3027 4317; baseline -0 -21"><span class='ocrx_word' id='word_1_369' title='bbox 393 4232 550 4296; x_wconf 89' lang='lat' dir='ltr'><strong>tiam</strong></span> <span class='ocrx_word' id='word_1_370' title='bbox 596 4232 930 4314; x_wconf 90' lang='lat' dir='ltr'><strong>pertinere,</strong></span> <span class='ocrx_word' id='word_1_371' title='bbox 977 4251 1060 4297; x_wconf 84' lang='lat' dir='ltr'><strong>ex</strong></span> <span class='ocrx_word' id='word_1_372' title='bbox 1105 4233 1245 4314; x_wconf 89' lang='lat' dir='ltr'><strong>ejus</strong></span> <span class='ocrx_word' id='word_1_373' title='bbox 1290 4232 1674 4316; x_wconf 84' lang='lat' dir='ltr'><strong>perfectione</strong></span> <span class='ocrx_word' id='word_1_374' title='bbox 1712 4232 2139 4296; x_wconf 86' lang='lat' dir='ltr'><strong>nihilominus</strong></span> <span class='ocrx_word' id='word_1_375' title='bbox 2178 4236 2507 4317; x_wconf 86' lang='lat' dir='ltr'><strong>sequatur,</strong></span> <span class='ocrx_word' id='word_1_376' title='bbox 2544 4249 2649 4296; x_wconf 91' lang='lat' dir='ltr'><strong>res</strong></span> <span class='ocrx_word' id='word_1_377' title='bbox 2687 4231 2867 4296; x_wconf 93' lang='lat' dir='ltr'><strong>nullo</strong></span> <span class='ocrx_word' id='word_1_378' title='bbox 2893 4232 3027 4295; x_wconf 91' lang='lat' dir='ltr'><strong>alio·</strong></span> 
     </span>
     <span class='ocr_line' id='line_1_42' title="bbox 392 4320 3020 4405; baseline 0 -20"><span class='ocrx_word' id='word_1_379' title='bbox 392 4323 679 4404; x_wconf 89' lang='lat' dir='ltr'><strong>potuisse</strong></span> <span class='ocrx_word' id='word_1_380' title='bbox 746 4320 937 4385; x_wconf 90' lang='lat' dir='ltr'><strong>modo</strong></span> <span class='ocrx_word' id='word_1_381' title='bbox 981 4339 1194 4405; x_wconf 90' lang='lat' dir='ltr'><strong>neque</strong></span> <span class='ocrx_word' id='word_1_382' title='bbox 1238 4321 1459 4388; x_wconf 91' lang='lat' dir='ltr'><strong>ordine</strong></span> <span class='ocrx_word' id='word_1_383' title='bbox 1503 4341 1542 4386; x_wconf 88' lang='lat' dir='ltr'><strong>a</strong></span> <span class='ocrx_word' id='word_1_384' title='bbox 1584 4320 1721 4387; x_wconf 90' lang='lat' dir='ltr'><strong>Deo</strong></span> <span class='ocrx_word' id='word_1_385' title='bbox 1767 4323 2004 4401; x_wconf 81' lang='lat' dir='ltr'><strong>creari3</strong></span> <span class='ocrx_word' id='word_1_386' title='bbox 2054 4321 2228 4405; x_wconf 89' lang='lat' dir='ltr'><strong>quod</strong></span> <span class='ocrx_word' id='word_1_387' title='bbox 2272 4320 2456 4385; x_wconf 90' lang='lat' dir='ltr'><strong>facile</strong></span> <span class='ocrx_word' id='word_1_388' title='bbox 2501 4322 2622 4385; x_wconf 90' lang='lat' dir='ltr'><strong>erit</strong></span> <span class='ocrx_word' id='word_1_389' title='bbox 2666 4320 3020 4402; x_wconf 91' lang='lat' dir='ltr'><strong>ostendere,</strong></span> 
     </span>
     <span class='ocr_line' id='line_1_43' title="bbox 394 4409 3017 4495; baseline 0 -22"><span class='ocrx_word' id='word_1_390' title='bbox 394 4411 452 4474; x_wconf 93' lang='lat' dir='ltr'><strong>si</strong></span> <span class='ocrx_word' id='word_1_391' title='bbox 518 4411 699 4494; x_wconf 90' lang='lat' dir='ltr'><strong>prius</strong></span> <span class='ocrx_word' id='word_1_392' title='bbox 767 4409 1247 4476; x_wconf 92' lang='lat' dir='ltr'><strong>consideremus</strong></span> <span class='ocrx_word' id='word_1_393' title='bbox 1304 4412 1390 4494; x_wconf 91' lang='lat' dir='ltr'><strong>id,</strong></span> <span class='ocrx_word' id='word_1_394' title='bbox 1452 4412 1625 4495; x_wconf 91' lang='lat' dir='ltr'><strong>quod</strong></span> <span class='ocrx_word' id='word_1_395' title='bbox 1683 4412 1943 4495; x_wconf 91' lang='lat' dir='ltr'><strong>ipsimet</strong></span> <span class='ocrx_word' id='word_1_396' title='bbox 1987 4410 2365 4493; x_wconf 89' lang='lat' dir='ltr'><strong>concedunt,</strong></span> <span class='ocrx_word' id='word_1_397' title='bbox 2410 4410 2702 4474; x_wconf 84' lang='lat' dir='ltr'><strong>videlicet</strong></span> <span class='ocrx_word' id='word_1_398' title='bbox 2747 4428 2831 4475; x_wconf 85' lang='lat' dir='ltr'><strong>ex</strong></span> <span class='ocrx_word' id='word_1_399' title='bbox 2879 4410 3017 4475; x_wconf 94' lang='lat' dir='ltr'><strong>solo</strong></span> 
     </span>
     <span class='ocr_line' id='line_1_44' title="bbox 394 4497 3016 4585; baseline -0 -22"><span class='ocrx_word' id='word_1_400' title='bbox 394 4497 517 4565; x_wconf 88' lang='lat' dir='ltr'><strong>Dei</strong></span> <span class='ocrx_word' id='word_1_401' title='bbox 561 4498 815 4565; x_wconf 91' lang='lat' dir='ltr'><strong>decreto</strong></span> <span class='ocrx_word' id='word_1_402' title='bbox 861 4505 926 4566; x_wconf 92' lang='lat' dir='ltr'><strong>et</strong></span> <span class='ocrx_word' id='word_1_403' title='bbox 967 4500 1298 4565; x_wconf 80' lang='lat' dir='ltr'><strong>voluntate</strong></span> <span class='ocrx_word' id='word_1_404' title='bbox 1340 4499 1635 4585; x_wconf 90' lang='lat' dir='ltr'><strong>pendere,</strong></span> <span class='ocrx_word' id='word_1_405' title='bbox 1681 4505 1756 4564; x_wconf 94' lang='grc' dir='ltr'><strong>ιιι</strong></span> <span class='ocrx_word' id='word_1_406' title='bbox 1801 4518 2212 4585; x_wconf 83' lang='lat' dir='ltr'><strong>unaqnaeque</strong></span> <span class='ocrx_word' id='word_1_407' title='bbox 2255 4517 2359 4563; x_wconf 92' lang='lat' dir='ltr'><strong>res</strong></span> <span class='ocrx_word' id='word_1_408' title='bbox 2402 4497 2489 4578; x_wconf 91' lang='lat' dir='ltr'><strong>id,</strong></span> <span class='ocrx_word' id='word_1_409' title='bbox 2536 4498 2711 4582; x_wconf 89' lang='lat' dir='ltr'><strong>quod</strong></span> <span class='ocrx_word' id='word_1_410' title='bbox 2755 4503 2870 4581; x_wconf 89' lang='lat' dir='ltr'><strong>est,</strong></span> <span class='ocrx_word' id='word_1_411' title='bbox 2916 4501 3016 4563; x_wconf 91' lang='lat' dir='ltr'><strong>sit.</strong></span> 
     </span>
     <span class='ocr_line' id='line_1_45' title="bbox 391 4586 3017 4672; baseline 0 -20"><span class='ocrx_word' id='word_1_412' title='bbox 391 4586 455 4652; x_wconf 79' lang='lat' dir='ltr'>N</span> <span class='ocrx_word' id='word_1_413' title='bbox 457 4608 561 4652; x_wconf 88' lang='lat' dir='ltr'><strong>am</strong></span> <span class='ocrx_word' id='word_1_414' title='bbox 604 4588 765 4654; x_wconf 88' lang='lat' dir='ltr'><strong>alias</strong></span> <span class='ocrx_word' id='word_1_415' title='bbox 809 4586 989 4655; x_wconf 89' lang='lat' dir='ltr'><strong>Deus</strong></span> <span class='ocrx_word' id='word_1_416' title='bbox 1035 4591 1323 4653; x_wconf 93' lang='lat' dir='ltr'><strong>omnium</strong></span> <span class='ocrx_word' id='word_1_417' title='bbox 1368 4608 1585 4654; x_wconf 91' lang='lat' dir='ltr'><strong>rerum</strong></span> <span class='ocrx_word' id='word_1_418' title='bbox 1633 4608 1830 4655; x_wconf 89' lang='lat' dir='ltr'><strong>causa</strong></span> <span class='ocrx_word' id='word_1_419' title='bbox 1874 4609 2003 4654; x_wconf 93' lang='lat' dir='ltr'><strong>non</strong></span> <span class='ocrx_word' id='word_1_420' title='bbox 2051 4594 2236 4655; x_wconf 91' lang='lat' dir='ltr'><strong>esset.</strong></span> <span class='ocrx_word' id='word_1_421' title='bbox 2283 4586 2533 4654; x_wconf 87' lang='lat' dir='ltr'><strong>Deinde</strong></span> <span class='ocrx_word' id='word_1_422' title='bbox 2579 4587 2751 4672; x_wconf 91' lang='lat' dir='ltr'><strong>quod</strong></span> <span class='ocrx_word' id='word_1_423' title='bbox 2801 4590 3017 4652; x_wconf 90' lang='lat' dir='ltr'><strong>omnia</strong></span> 
     </span>
     <span class='ocr_line' id='line_1_46' title="bbox 392 4675 3010 4762; baseline 0 -21"><span class='ocrx_word' id='word_1_424' title='bbox 392 4675 516 4744; x_wconf 92' lang='lat' dir='ltr'><strong>Dei</strong></span> <span class='ocrx_word' id='word_1_425' title='bbox 561 4677 811 4744; x_wconf 89' lang='lat' dir='ltr'><strong>decreta</strong></span> <span class='ocrx_word' id='word_1_426' title='bbox 856 4677 936 4742; x_wconf 92' lang='lat' dir='ltr'><strong>ab</strong></span> <span class='ocrx_word' id='word_1_427' title='bbox 978 4682 1215 4744; x_wconf 81' lang='lat' dir='ltr'><strong>aeterno</strong></span> <span class='ocrx_word' id='word_1_428' title='bbox 1262 4677 1341 4742; x_wconf 92' lang='lat' dir='ltr'><strong>ab</strong></span> <span class='ocrx_word' id='word_1_429' title='bbox 1386 4680 1529 4762; x_wconf 91' lang='lat' dir='ltr'><strong>ipso</strong></span> <span class='ocrx_word' id='word_1_430' title='bbox 1572 4675 1710 4743; x_wconf 90' lang='lat' dir='ltr'><strong>Deo</strong></span> <span class='ocrx_word' id='word_1_431' title='bbox 1757 4680 2006 4745; x_wconf 88' lang='lat' dir='ltr'><strong>sancita</strong></span> <span class='ocrx_word' id='word_1_432' title='bbox 2048 4677 2330 4744; x_wconf 89' lang='lat' dir='ltr'><strong>fuerunt.</strong></span> <span class='ocrx_word' id='word_1_433' title='bbox 2375 4675 2543 4741; x_wconf 87' lang='lat' dir='ltr'><strong>Nam</strong></span> <span class='ocrx_word' id='word_1_434' title='bbox 2589 4676 2747 4743; x_wconf 92' lang='lat' dir='ltr'><strong>alias</strong></span> <span class='ocrx_word' id='word_1_435' title='bbox 2784 4678 3010 4761; x_wconf 91' lang='lat' dir='ltr'><strong>imper·</strong></span> 
     </span>
    </p>
   </div>
   <div class='ocr_carea' id='block_1_7' title="bbox 403 4833 693 4845">
    <p class='ocr_par' dir='ltr' id='par_1_7' title="bbox 403 4833 693 4845">
     <span class='ocr_line' id='line_1_47' title="bbox 403 4833 693 4845; baseline 0 0"><span class='ocrx_word' id='word_1_436' title='bbox 403 4833 693 4845; x_wconf 95' lang='lat' dir='ltr'><strong> </strong></span> 
     </span>
    </p>
   </div>
   <div class='ocr_carea' id='block_1_8' title="bbox 455 4923 1472 4993">
    <p class='ocr_par' dir='ltr' id='par_1_8' title="bbox 455 4923 1472 4993">
     <span class='ocr_line' id='line_1_48' title="bbox 455 4923 1472 4993; baseline 0 -17"><span class='ocrx_word' id='word_1_437' title='bbox 455 4924 514 4991; x_wconf 86' lang='lat'><strong>1)</strong></span> <span class='ocrx_word' id='word_1_438' title='bbox 546 4923 792 4993; x_wconf 71' lang='lat' dir='ltr'><strong>Sigwart.</strong></span> <span class='ocrx_word' id='word_1_439' title='bbox 826 4952 894 4964; x_wconf 91' lang='lat'>—</span> <span class='ocrx_word' id='word_1_440' title='bbox 925 4925 1020 4978; x_wconf 87' lang='lat' dir='ltr'><strong>Ed.</strong></span> <span class='ocrx_word' id='word_1_441' title='bbox 1053 4926 1171 4978; x_wconf 83' lang='lat' dir='ltr'><strong>Pr.:</strong></span> <span class='ocrx_word' id='word_1_442' title='bbox 1205 4923 1389 4991; x_wconf 76' lang='lat' dir='ltr'><strong>Defin.</strong></span> <span class='ocrx_word' id='word_1_443' title='bbox 1421 4925 1472 4976; x_wconf 85' lang='lat'><strong>6.</strong></span> 
     </span>
    </p>
   </div>
  </div>
 </body>
</html>
