3609 5642
524 530 651 595 140
1553 550 1802 597 mmcns
1846 551 2001 597 rffls
2043 551 2128 597 1v.

1609 736 2080 783 SOHOLIUM.

607 816 734 894 Qui
778 821 947 882 recte
992 819 1187 902 novit,
1231 818 1443 882 omnia
1487 836 1569 882 ex
1607 822 1855 882 naturae
1893 818 2130 883 divinae
2169 819 2542 883 necessitate
2579 818 2781 902 sequi,
2804 823 2867 882 et
2905 836 3135 882 secun-

520 907 675 970 dum
721 910 991 971 aeternas
1035 906 1297 971 Naturae
1342 907 1515 991 leges
1559 912 1623 972 et
1667 907 1924 991 regulas
1965 907 2125 989 fieri,
2171 907 2227 972 is
2273 925 2427 972 sane
2464 908 2625 971 nihil
2646 908 2937 991 reperiet,
2959 907 3133 990 quod

519 994 700 1077 Odio,
766 993 947 1078 Risu,
1012 1001 1123 1061 aut
1190 994 1571 1079 Contemptu
1639 996 1906 1081 dignum
1971 998 2071 1078 sit,
2115 1014 2235 1060 nec
2279 996 2660 1079 cujusquam
2707 995 3135 1078 miserebitur,

517 1085 650 1167 sed,
716 1089 1034 1168 quantum
1096 1085 1379 1149 humana
1435 1083 1558 1149 fert
1615 1086 1840 1166 virtus,
1899 1084 2238 1149 conabitur
2281 1083 2425 1149 bene
2468 1104 2669 1170 aqere,
2713 1090 2788 1149 ut
2832 1086 3031 1168 ajunt,
3076 1089 3137 1149 et

519 1173 739 1237 loetari.
800 1172 950 1237 Huc
995 1174 1253 1255 accedit,
1300 1174 1473 1257 quod
1516 1173 1593 1255 is,
1639 1175 1754 1257 qui
1799 1172 2385 1238 Commiserationis
2429 1173 2660 1239 affectu
2699 1172 2884 1238 facile
2932 1175 3134 1256 tangi-

519 1266 642 1345 tur,
690 1267 754 1326 et
812 1263 1074 1328 alterius
1122 1263 1377 1328 miseria
1423 1262 1524 1327 vel
1568 1262 1850 1328 lacrimis
1897 1267 2207 1345 movetur,
2252 1280 2423 1346 saepe
2466 1262 2712 1347 aliquid
2755 1263 2903 1346 agit,
2946 1262 3135 1345 cujus

518 1355 740 1435 postea
802 1353 1015 1435 ipsum
1075 1353 1376 1435 poenitet3
1439 1357 1568 1415 tam
1617 1353 1768 1435 quia
1815 1370 1898 1417 ex
1945 1352 2176 1417 aflectu
2222 1352 2379 1414 nihil
2428 1354 2697 1436 agimus,
2743 1351 2916 1434 quod
2962 1355 3134 1415 certo

518 1441 757 1504 scimus
804 1439 1044 1504 bonum
1090 1458 1248 1523 esse,
1293 1459 1488 1524 quam
1537 1442 1691 1523 quia
1732 1440 1921 1504 facile
1965 1440 2143 1505 falsis
2188 1440 2469 1505 lacrimis
2508 1440 2878 1525 decipimur.
2916 1440 3135 1524 Atque

518 1529 622 1592 hic
666 1547 967 1611 expresse
1009 1530 1240 1613 loquor
1285 1529 1364 1594 de
1408 1529 1684 1611 homine,
1730 1531 1845 1613 qui
1890 1547 1972 1593 ex
2022 1529 2220 1594 ductu
2264 1527 2553 1594 Rationis
2600 1529 2776 1593 vivit.
2815 1527 2979 1592 Nam
3020 1530 3137 1612 qui

517 1636 636 1683 nec
680 1616 949 1683 Ratione
993 1637 1113 1682 nec
1159 1617 1719 1684 commiseratione
1764 1624 2077 1701 movetur,
2125 1623 2194 1682 ut
2240 1618 2383 1683 aliis
2428 1618 2673 1683 auxilio
2719 1618 2820 1699 sit,
2863 1620 2921 1681 is
2966 1623 3138 1682 recte

516 1706 909 1772 inhumanus
978 1706 1350 1792 appellatur,
1414 1726 1563 1771 nam
1630 1710 1779 1791 (per
1840 1706 2035 1791 Prop.
2083 1706 2188 1770 27.
2229 1726 2294 1791 p.
2341 1706 2426 1789 3.)
2492 1708 2737 1773 homini
2804 1706 3137 1771 dissimilis

516 1813 658 1860 esse
706 1795 976 1861 videtur.

1375 1881 2077 1949 PROPOSITIO
2166 1883 2272 1948 LI.

604 1995 820 2061 Favor
877 1996 1141 2063 Ratiom'
1196 2016 1325 2061 non
1379 2003 1706 2082 repuqnat,
1748 1997 1860 2062 sed
1899 2018 2040 2062 cum
2083 1997 2294 2063 eadem
2336 1997 2654 2062 convenire
2696 2001 2754 2061 et
2797 1996 2878 2062 ab
2923 1996 3138 2062 eadem

516 2085 678 2151 oriri
717 2090 929 2171 potest.

1482 2194 2189 2240 DEMONSTRATIQ

605 2274 722 2340 Est
766 2277 938 2341 enim
981 2275 1189 2340 Favor
1232 2276 1436 2340 Amor
1480 2294 1630 2360 erga
1675 2276 1884 2359 illum,
1930 2278 2043 2360 qui
2083 2277 2265 2342 alteri
2287 2275 2598 2349 benefecit
2619 2281 2771 2359 (per
2791 2274 2896 2338 19.
2918 2272 3137 2354 Affect.

522 2362 788 2446 Defin.);
858 2369 1051 2449 atque
1117 2364 1275 2429 adeo
1341 2364 1422 2428 ad
1489 2363 1769 2429 Mentem
1839 2365 2059 2430 referri
2118 2370 2342 2449 potest,
2403 2369 2719 2448 quatenus
2765 2365 2902 2428 haec
2951 2382 3137 2447 agere

523 2454 758 2518 dicitur
825 2456 975 2538 (per
1016 2454 1204 2538 Prop.
1254 2454 1356 2517 59.
1398 2473 1461 2538 p.
1508 2453 1610 2535 3.),
1673 2454 1795 2518 hoc
1866 2460 1961 2519 est
2027 2457 2176 2538 (per
2219 2454 2406 2538 Prop.
2453 2453 2512 2516 3.
2555 2472 2615 2537 p.
2663 2453 2764 2536 3.),
2812 2457 3131 2536 quatenus

517 2543 846 2628 intelligit,
894 2562 969 2607 ac
1013 2541 1280 2627 proinde
1325 2562 1470 2607 cum
1519 2541 1790 2607 Ratione
1835 2544 2153 2627 convenit,
2199 2547 2314 2608 etc.
2363 2541 2432 2622 Q.
2475 2541 2553 2606 E.
2597 2540 2681 2605 D.

1664 2654 1997 2721 Aliter.

607 2753 733 2831 Qui
779 2772 862 2819 ex
908 2753 1110 2819 ductu
1154 2753 1445 2820 Rationis
1493 2757 1671 2839 vivit,
1714 2755 1980 2838 bonum,
2026 2756 2200 2841 quod
2245 2754 2370 2821 sibi
2415 2757 2670 2840 appetit,
2717 2755 2899 2820 alteri
2947 2755 3136 2819 etiam

517 2845 694 2928 cupit
760 2846 907 2926 (per
949 2841 1143 2928 Prop.
1189 2843 1292 2908 37.
1334 2842 1583 2927 hujus);
1653 2864 1852 2927 quare
1920 2864 2004 2911 ex
2063 2864 2158 2928 eo,
2218 2844 2391 2929 quod
2451 2848 2592 2929 ipse
2637 2844 2914 2927 aliquem
2961 2844 3137 2908 videt

517 2933 697 2996 alteri
768 2931 1153 3016 benefacere,
1212 2934 1417 3017 ipsius
1484 2932 1920 2999 benefaciendi
1988 2938 2255 2999 conatus
2316 2935 2601 3017 juvatur,
2661 2934 2780 2998 hoc
2843 2938 2938 2998 est
2983 2935 3005 3013 (
3017 2952 3132 3016 per

517 3018 712 3086 Schol.
758 3019 954 3105 Prop.
998 3022 1101 3085 11.
1143 3042 1206 3107 p.
1253 3022 1311 3086 3.
1340 3020 1420 3103 1))
1483 3022 1820 3106 laetabitur,
1879 3022 2077 3107 idque
2139 3025 2235 3103 (ex
2279 3020 2621 3108 hypothesi)
2667 3023 3139 3086 concomitante

517 3110 660 3175 idea
715 3110 911 3190 illius,
956 3114 1071 3195 qui
1117 3112 1298 3176 alteri
1343 3110 1688 3192 benefecit3
1738 3131 1812 3176 ac
1856 3112 2124 3197 proinde
2169 3115 2316 3196 (per
2363 3111 2466 3176 19.
2510 3110 2744 3195 Affect.
2789 3108 3022 3193 Defin.)
3077 3111 3140 3175 ei

517 3198 705 3265 favet.
754 3159 946 3278 0:13).
991 3196 1076 3267 D.

1592 3307 2064 3354 scnomun.

606 3387 989 3473 Indignati0‚
1024 3393 1214 3473 prout
1258 3390 1396 3474 ipsa
1441 3409 1478 3453 a
1522 3388 1709 3454 nobis
1757 3389 2060 3454 definitur
2103 3389 2265 3472 (vide
2309 3389 2414 3454 20.
2464 3388 2698 3473 Affect.
2745 3385 2995 3470 Delia),
3041 3393 3137 3453 est

518 3479 874 3543 necessario
944 3478 1110 3542 mala
1168 3480 1318 3562 (per
1360 3476 1555 3562 Prop.
1601 3479 1705 3541 45.
1750 3478 1996 3562 huju3);
2062 3479 2173 3545 sed
2218 3478 2592 3560 notandum,
2638 3478 2829 3561 quod,
2876 3478 3137 3561 quando

517 3585 771 3631 summa
815 3571 1093 3652 potestas
1139 3566 1468 3651 desideri0,
1513 3587 1642 3652 quo
1687 3572 1964 3649 tenetur,
2008 3568 2292 3632 tutandae
2330 3569 2507 3652 pacis
2544 3568 2749 3632 civem
2788 3569 2995 3651 punit,
3021 3568 3137 3650 qui

518 3656 701 3720 alteri
758 3657 1058 3739 injuriam
1117 3655 1284 3740 fecit,
1346 3656 1611 3721 eandem
1674 3658 1800 3720 civi
1845 3657 2169 3740 indignari
2214 3676 2344 3721 non
2391 3657 2552 3740 dicO,
2598 3658 2750 3740 quia
2796 3676 2926 3720 non
2973 3654 3135 3719 Odio

518 3746 757 3828 percita
803 3744 882 3808 ad
919 3744 1313 3829 perdendum
1360 3747 1588 3828 civem,
1631 3744 1744 3812 sed
1787 3747 2021 3831 pietate
2067 3750 2238 3812 mota
2283 3745 2558 3811 eundem
2604 3746 2810 3830 punit.

1370 3880 2068 3947 PROPOSITIO
2158 3882 2292 3947 LII.

607 3994 1074 4082 Acquiescentia
1139 3996 1212 4060 in
1269 4015 1334 4060 se
1399 3996 1534 4079 ipso
1577 4016 1653 4061 ex
1695 3993 1968 4061 Ratione
2008 3994 2168 4060 oriri
2206 3998 2420 4080 potest,
2464 4000 2523 4060 et
2569 4014 2642 4059 ea
2684 3995 2819 4060 sola
2863 3993 3138 4075 acquies-

519 4084 738 4168 centia,
780 4104 923 4166 quoe
967 4105 1041 4149 ex
1084 4083 1354 4151 Ratione
1395 4085 1620 4167 oritur,
1664 4104 1910 4149 summa
1950 4089 2057 4168 est,
2102 4104 2244 4171 quoe
2286 4088 2485 4169 potest
2528 4084 2694 4149 dari.

1477 4216 2189 4263 DEuoNsrRATIQ

608 4297 1098 4381 Acquiescentia
1140 4299 1208 4362 in
1256 4317 1324 4364 se
1369 4299 1508 4381 ipso
1554 4302 1651 4363 est
1695 4295 1947 4364 Laetitia
1992 4303 2127 4364 orta
2166 4317 2249 4363 ex
2290 4317 2383 4379 eo,
2407 4297 2579 4382 quod
2618 4297 2805 4360 homo
2830 4297 3134 4380 seipsum

523 4404 835 4468 suamque
902 4386 1131 4469 agendi
1196 4388 1543 4470 potentiam
1590 4387 2054 4471 contemplatur
2113 4389 2261 4471 (per
2305 4387 2408 4451 25.
2454 4385 2699 4469 Affect.
2746 4383 3000 4467 Delia).
3048 4386 3138 4450 At

522 4492 672 4538 vera
731 4475 1006 4539 hominis
1067 4475 1295 4558 agendi
1340 4477 1618 4559 potentia
1665 4494 1782 4540 seu
1830 4478 2036 4541 virtus
2083 4482 2179 4541 est
2223 4476 2363 4560 ipsa
2406 4473 2592 4539 Ratio
2637 4480 2789 4558 (per
2831 4473 3029 4558 Prop.
3077 4474 3137 4538 3.

522 4582 584 4646 p.
629 4562 728 4645 3.),
797 4582 988 4645 quam
1059 4564 1247 4628 homo
1311 4565 1479 4629 clare
1537 4571 1601 4630 et
1646 4565 1942 4630 distincte
1988 4565 2450 4648 contemplatur
2493 4569 2645 4647 (per
2687 4562 2882 4647 Prop.
2930 4563 3034 4626 40.
3080 4567 3140 4627 et

523 4650 627 4714 43.
671 4670 733 4735 p.
779 4651 893 4732 2.);
964 4651 1136 4736 Ergo
1204 4653 1696 4737 Acquiescentia
1754 4656 1822 4718 in
1886 4673 1956 4719 se
1999 4656 2140 4738 ipso
2186 4673 2269 4719 ex
2312 4652 2579 4718 Ratione
2625 4654 2843 4717 oritur.
2889 4650 3140 4717 Deinde

594 4908 648 4973 1)
680 4909 773 4961 Ed.
807 4909 925 4962 Pr.:
959 4923 1058 4976 per
1090 4906 1260 4976 Prop.
1293 4909 1377 4961 11.
1404 4924 1463 4976 p.
1493 4910 1544 4962 3.
