3609 5642
1384 545 1465 590 nn
1508 545 1840 590 usmetun
1884 545 2161 590 HUMANA.
2962 526 3086 589 177

1419 731 1942 777 DEMONSTRA
1971 732 2129 776 1¹10.

546 812 779 879 Mentis
847 814 1121 879 essentia
1187 815 1255 876 in
1326 815 1688 896 cognitione
1748 816 2043 878 consistit
2103 815 2239 896 (per
2282 811 2478 896 Prop.
2525 812 2626 875 11.
2668 831 2729 895 p.
2775 812 2897 891 2.);
2951 830 3078 895 quo

455 904 653 987 igitur
711 901 894 968 Mens
941 903 1156 985 plures
1203 921 1307 966 res
1354 904 1683 987 cognoscit
1729 903 2012 967 secundo
2060 907 2124 966 et
2169 903 2354 966 tertio
2403 901 2787 985 cognitionis
2831 918 3082 985 genere,

456 1010 529 1056 eo
597 993 798 1074 major
867 993 1005 1074 ejus
1073 1011 1220 1074 pars
1290 996 1576 1056 remanet
1645 995 1778 1075 (per
1825 991 2014 1076 Prop.
2064 991 2166 1053 29.
2213 994 2273 1055 et
2318 990 2419 1054 23.
2467 989 2701 1072 hujus),
2748 994 2809 1053 et
2856 1008 3076 1054 conse-

458 1085 726 1164 quenter
792 1085 925 1164 (per
993 1078 1187 1163 Prop.
1254 1083 1458 1163 proec.)
1506 1099 1580 1144 eo
1630 1081 1831 1162 major
1877 1082 2014 1163 ejus
2060 1100 2209 1162 pars
2258 1099 2385 1143 non
2434 1081 2719 1163 tangitur
2764 1078 2845 1142 ab
2892 1077 3074 1142 affec-

457 1168 650 1252 tibus,
712 1172 828 1253 qui
875 1173 1112 1233 nostrae
1159 1173 1404 1233 naturae
1452 1175 1606 1234 sunt
1650 1171 1972 1252 contrarii,
2020 1170 2138 1233 hoc
2185 1173 2281 1233 est
2327 1173 2459 1252 (per
2501 1167 2696 1251 Prop.
2745 1167 2846 1230 30.
2888 1186 2949 1250 p.
2999 1167 3081 1246 4.)

459 1260 570 1342 qui
632 1259 781 1322 mali
842 1263 1011 1322 sunt.
1075 1255 1216 1332 Quo
1278 1260 1495 1342 itaque
1554 1257 1738 1322 Mens
1783 1260 2003 1342 plures
2049 1277 2151 1322 res
2199 1257 2481 1323 secundo
2527 1262 2590 1322 et
2634 1258 2819 1321 tertio
2866 1258 3086 1339 cogni-

458 1348 650 1411 tionis
694 1366 929 1431 genere
972 1347 1289 1432 intelligit,
1335 1366 1409 1411 eo
1450 1348 1650 1428 major
1688 1348 1828 1429 ejus
1865 1367 2013 1432 pars
2050 1348 2250 1412 illaesa
2274 1352 2504 1428 manet,
2529 1350 2592 1411 et
2614 1349 3084 1429 consequenter

458 1437 673 1500 minus
719 1436 797 1500 ab
846 1434 1178 1500 affectibus
1222 1438 1480 1519 patitur,
1524 1441 1638 1501 etc.
1688 1434 1756 1514 Q.
1799 1435 1879 1500 Ε.
1924 1434 2008 1501 D.

1538 1567 2006 1612 SCHOLIUM.

545 1647 716 1713 Hinc
775 1649 1197 1733 intelligimus
1241 1649 1328 1731 id,
1375 1648 1545 1732 quod
1591 1651 1661 1711 in
1708 1648 1914 1714 Schol.
1960 1647 2149 1732 Prop.
2197 1650 2299 1713 39.
2346 1669 2405 1733 p.
2453 1651 2511 1712 4.
2557 1649 2757 1732 attigi,
2802 1652 2863 1712 et
2909 1648 3084 1731 quod

456 1738 525 1800 in
571 1739 689 1802 hac
735 1736 926 1802 Parte
972 1738 1294 1822 explicare
1340 1738 1635 1821 promisi;
1687 1757 1915 1822 nempe
1962 1739 2133 1821 quod
2181 1757 2354 1802 mors
2392 1757 2466 1802 eo
2508 1738 2725 1802 minus
2750 1741 2844 1801 est
2868 1738 3084 1819 noxia,

459 1846 585 1910 quo
638 1826 875 1891 Mentis
923 1828 1093 1891 clara
1138 1832 1199 1892 et
1244 1827 1540 1891 distincta
1585 1829 1865 1911 cognitio
1914 1829 2115 1910 major
2159 1832 2272 1909 est,
2318 1831 2380 1892 et
2424 1831 2906 1911 consequenter,
2955 1845 3082 1909 quo

458 1914 641 1981 Mens
687 1918 892 2000 magis
936 1914 1146 1980 Deum
1196 1920 1383 1980 amat.
1430 1914 1698 1999 Deinde,
1746 1918 1900 2001 quia
1946 1918 2081 1999 (per
2125 1915 2316 2000 Prop.
2362 1916 2466 1980 27.
2514 1916 2726 1998 hujus)
2773 1934 2857 1981 ex
2896 1917 3083 1980 tertio

457 2006 839 2088 cognitionis
896 2024 1130 2087 genere
1184 2024 1454 2087 summa,
1502 2025 1647 2088 quae
1693 2005 1831 2069 dari
1877 2010 2102 2089 potest,
2149 2008 2352 2070 oritur
2396 2007 2886 2089 acquiescentia,
2931 2004 3083 2067 hinc

456 2096 766 2177 sequitur,
826 2093 1106 2158 Mentem
1167 2095 1509 2158 humanam
1557 2113 1747 2177 posse
1793 2095 1933 2177 ejus
1981 2099 2226 2159 naturae
2273 2114 2431 2176 esse,
2477 2099 2550 2159 ut
2594 2095 2678 2176 id,
2726 2094 2897 2177 quod
2943 2095 3083 2176 ejus

457 2203 604 2247 cum
654 2182 932 2267 Corpore
977 2185 1185 2267 perire
1232 2183 1630 2248 ostendimus
1678 2184 1838 2264 (vide
1883 2184 2073 2268 Prop.
2123 2184 2227 2248 21.
2273 2183 2505 2266 hujus),
2548 2185 2617 2247 in
2662 2189 2957 2267 respectu
3002 2183 3084 2246 ad

453 2272 538 2355 id,
586 2271 758 2356 quod
802 2274 1009 2357 ipsius
1055 2276 1358 2355 remanet,
1402 2272 1654 2337 nullius
1694 2274 1777 2337 sit
1816 2274 2138 2339 momenti.
2179 2272 2304 2339 Sed
2343 2272 2423 2338 de
2446 2273 2546 2336 his
2569 2291 2725 2336 mox
2746 2273 3083 2356 prolixius.
3163 2312 3167 2316 -

1209 2419 1907 2487 PROPOSITIO
1997 2420 2320 2485 XXXLX.

549 2534 671 2617 Qui
719 2534 959 2619 Corpus
1001 2535 1088 2599 ad
1127 2534 1411 2620 plurima
1455 2541 1673 2620 aptum
1717 2534 1914 2619 habet,
1958 2538 2014 2600 is
2051 2536 2328 2601 Mentem
2367 2534 2561 2620 habet,
2583 2535 2767 2619 cujus
2803 2534 3082 2598 maxima

451 2643 613 2707 pars
657 2630 748 2690 est
792 2631 1047 2690 oeterna.

1418 2733 2131 2778 nnuonsrnxr1a

541 2811 666 2889 Qui
715 2812 959 2898 Corpus
1006 2814 1086 2878 ad
1130 2815 1406 2898 plurima
1453 2816 1772 2898 agendum
1821 2820 2042 2899 aptum
2090 2813 2298 2898 habet,
2343 2817 2400 2879 is
2440 2815 2705 2878 minime
2730 2811 3079 2894 affectibus,

454 2903 566 2984 qui
613 2903 765 2967 mali
810 2909 978 2986 sunt,
1024 2902 1424 2967 conflictatur
1470 2906 1605 2987 (per
1650 2901 1847 2987 Prop.
1895 2904 1997 2968 38.
2048 2923 2108 2987 p.
2158 2904 2260 2986 4.),
2305 2904 2425 2968 hoc
2465 2907 2561 2968 est
2597 2908 2731 2987 (per
2753 2901 2948 2985 Prop.
2975 2900 3077 2965 30.

453 3009 513 3073 p.
562 2991 645 3069 4.)
710 2992 1059 3073 affectibuS,
1127 2995 1241 3075 qui
1302 2996 1551 3057 naturae
1610 2998 1848 3057 nostrae
1909 2999 2061 3057 sunt
2120 2994 2454 3073 contrarii3
2503 2997 2696 3076 atque
2743 2992 2899 3057 adeo
2945 2993 3079 3074 (per

448 3077 639 3164 Prop.
687 3081 790 3144 10.
835 3081 1051 3165 hujus)
1112 3086 1487 3164 potestatem
1542 3080 1730 3146 habet
1777 3082 2118 3146 ordinandi
2163 3086 2224 3146 et
2271 3081 2731 3147 concatenandi
2780 3079 3076 3164 Corporis

449 3168 814 3234 affectiones
862 3170 1220 3235 secundum
1266 3170 1553 3235 ordinem
1597 3171 1678 3234 ad
1715 3171 2133 3253 intellectum,
2171 3174 2234 3234 et
2272 3176 2739 3255 consequenter
2761 3168 3077 3233 efficiendi

448 3260 580 3340 (per
625 3257 822 3343 Prop.
870 3259 971 3323 14.
1021 3257 1254 3341 hujus),
1323 3264 1397 3323 ut
1465 3278 1687 3323 omnes
1758 3258 2054 3343 Corporis
2122 3259 2484 3325 affectiones
2552 3259 2633 3323 ad
2686 3257 2808 3322 Dei
2867 3257 3076 3321 ideam

449 3347 837 3428 referantur3
887 3368 971 3413 ex
1018 3368 1146 3432 quo
1193 3347 1304 3412 fiet
1353 3348 1488 3431 (per
1534 3347 1723 3431 Prop.
1774 3348 1877 3412 15.
1923 3348 2159 3430 hujus),
2203 3353 2277 3412 ut
2322 3367 2471 3433 erga
2514 3346 2724 3413 Deum
2763 3346 3078 3410 afficiatur

449 3436 707 3518 Amore,
771 3438 882 3521 qui
942 3442 1078 3520 (per
1123 3435 1313 3521 Prop.
1366 3437 1467 3500 16.
1516 3435 1732 3519 hujus)
1795 3436 2033 3502 Mentis
2079 3439 2422 3502 maximam
2470 3441 2715 3521 partem
2764 3453 3078 3518 occupare

451 3526 587 3590 sive
633 3528 1021 3591 constituere
1068 3525 1272 3607 debet,
1317 3545 1391 3589 ac
1437 3526 1704 3609 proinde
1750 3529 1884 3611 (per
1928 3526 2117 3610 Prop.
2158 3526 2260 3590 33.
2299 3525 2516 3609 hayus)
2553 3525 2833 3591 Mentem
2873 3524 3080 3607 habet,

453 3616 638 3696 cujus
686 3617 969 3679 maxima
1012 3634 1163 3699 pars
1210 3620 1305 3680 est
1354 3619 1604 3680 aeterna.
1659 3615 1726 3695 Q.
1774 3615 1856 3680 E.
1903 3613 1985 3679 D.

1536 3747 2005 3793 SOHOLIUM.

537 3824 702 3902 Quia
756 3826 1033 3912 Corpora
1074 3828 1355 3892 humana
1402 3829 1483 3893 ad
1526 3829 1806 3912 plurima
1851 3835 1996 3913 apta
2042 3835 2214 3912 sunt,
2259 3849 2391 3893 non
2439 3828 2707 3893 dubium
2756 3833 2869 3911 est,
2917 3827 3076 3910 quin

451 3916 587 3997 ejus
648 3921 899 3981 naturae
959 3919 1208 4001 possint
1268 3936 1426 4000 esse,
1472 3923 1543 3982 ut
1590 3917 1671 3981 ad
1716 3917 1966 3983 Mentes
2012 3918 2387 4001 referantur,
2434 3937 2580 4002 quae
2628 3936 2924 4001 magnam
2972 3917 3075 3981 sui

451 4009 516 4069 et
556 4004 680 4070 Dei
725 4004 998 4070 habeant
1044 4006 1491 4090 cognitionem,
1538 4011 1600 4071 et
1649 4027 1924 4090 quarum
1973 4010 2256 4071 maxima
2301 4027 2418 4073 seu
2464 4008 2786 4091 praecipua
2808 4025 2954 4090 pars
2978 4010 3076 4070 est

450 4098 701 4177 aeterna,
761 4099 955 4178 atque
1013 4094 1168 4159 adeo
1218 4100 1288 4159 ut
1332 4101 1598 4161 mortem
1646 4098 1760 4159 vix
1808 4098 2089 4161 timeant.
2141 4095 2266 4161 Sed
2310 4101 2384 4161 ut
2428 4096 2563 4159 haec
2609 4095 2843 4159 clarius
2888 4094 3073 4159 intel-

445 4182 744 4267 ligantur,
811 4185 1448 4249 animadvertendum
1517 4186 1621 4249 hic
1690 4189 1804 4267 est,
1875 4187 2050 4269 quod
2117 4205 2236 4250 nos
2295 4187 2364 4248 in
2424 4186 2728 4249 continua
2789 4183 3071 4248 vivimus

446 4274 817 4354 variatione,
878 4276 941 4337 et
1000 4277 1191 4356 prout
1247 4274 1315 4336 in
1379 4273 1611 4339 melius
1658 4276 1795 4338 sive
1840 4275 1907 4337 in
1953 4275 2137 4358 pejus
2186 4279 2527 4356 mutamur,
2574 4292 2648 4338 eo
2695 4273 2912 4338 felices
2959 4276 3073 4336 aut

448 4360 731 4426 infelices
795 4362 1082 4426 dicimur.
1146 4360 1273 4437 Qui
1333 4364 1505 4427 enim
1566 4382 1648 4428 ex
1693 4362 1937 4427 infante
1985 4363 2088 4427 vel
2131 4382 2330 4447 puero
2372 4364 2444 4425 in
2489 4361 2758 4426 cadaver
2802 4362 3074 4444 transiit,

447 4448 677 4513 infelix
737 4451 991 4534 dicitur,
1052 4455 1115 4515 et
1172 4455 1394 4515 contra
1453 4453 1520 4516 id
1564 4451 1851 4517 felicitati
1894 4451 2218 4535 tribuitur,
2264 4451 2438 4535 quod
2485 4455 2688 4516 totum
2735 4453 2886 4515 vitae
2931 4470 3073 4535 spa·

451 4539 615 4602 tium
658 4538 875 4605 Mente
920 4559 1076 4604 sana
1121 4541 1190 4603 in
1237 4539 1512 4624 Corpore
1551 4560 1707 4606 sano
1747 4559 2118 4625 percurrere
2156 4541 2572 4625 potuerimus.
2610 4539 2694 4604 Et
2716 4559 2938 4606 revera
2962 4542 3076 4623 qui

451 4626 698 4711 Corpus
764 4628 972 4705 habet,
1039 4634 1113 4693 ut
1178 4629 1394 4694 infans
1455 4631 1559 4695 vel
1616 4649 1795 4714 puer,
1843 4630 1925 4694 ad
1969 4631 2356 4714 paucissima
2399 4634 2640 4715 aptum,
2685 4635 2748 4694 et
2795 4631 3076 4694 maxime

450 4716 735 4801 pendens
792 4738 830 4782 a
889 4720 1104 4782 causis
1148 4719 1451 4802 externis,
1496 4718 1776 4784 Mentem
1824 4719 2030 4802 habet,
2078 4739 2221 4803 quae
2263 4721 2332 4782 in
2380 4737 2450 4784 se
2497 4719 2633 4783 sola
2676 4718 3077 4783 considerata

452 4805 611 4870 nihil
680 4806 812 4872 fere
873 4808 978 4872 sui
1041 4826 1161 4871 nec
1219 4805 1341 4872 Dei
1385 4827 1504 4873 nec
1550 4827 1766 4874 rerum
1816 4810 1900 4873 sit
1945 4810 2231 4889 conscia3
2281 4813 2344 4873 et
2387 4811 2625 4889 contra,
2673 4809 2783 4892 qui
2831 4804 3077 4890 Corpus

455 4894 646 4960 habet
715 4900 779 4959 at
847 4897 1122 4980 plurima
1183 4901 1422 4981 aptum,
1481 4896 1764 4963 Mentem
1828 4897 2035 4982 habet,
2082 4917 2226 4982 quae
2270 4898 2338 4962 in
2385 4916 2454 4962 se
2500 4897 2636 4962 sola
2681 4896 3078 4963 considerata
