3609 5642
1474 543 1557 588 DE
1602 543 1994 589 menemus.
2956 524 3038 586 95

1251 707 1950 776 PROPOSITIO
2041 707 2209 773 LIII.

508 823 667 888 Cum
726 823 921 889 Mens
978 845 1043 889 se
1084 826 1308 909 ipsam,
1354 843 1655 909 suamque
1700 823 1932 906 apendi
1972 822 2313 904 potentiam
2356 820 2824 903 contemplatur,
2869 821 3037 886 loeta-

416 916 562 992 tur‚·
596 920 655 978 et
690 933 757 979 eo
795 915 1013 997 maqiS,
1050 934 1171 999 quo
1208 935 1274 979 se
1310 933 1613 999 suamque
1634 913 1868 997 mendi
1878 913 2231 1009 potentiam
2254 911 2614 976 distinctius
2634 912 3040 995 imayinatur.

1368 1045 2091 1091 ΒΕΜοΝεΤΒΑΤῙα

506 1125 717 1191 Homo
785 1145 855 1192 se
921 1129 1135 1211 ipsum
1206 1146 1335 1191 non
1404 1128 1750 1211 cognoscit,
1811 1128 1938 1191 nisi
1998 1146 2112 1209 per
2172 1126 2538 1191 affectiones
2591 1128 2694 1191 sui
2745 1125 3041 1209 Corporis

418 1233 768 1300 earumque
827 1216 1003 1281 ideas
1061 1221 1209 1297 (per
1253 1215 1446 1299 Prop.
1495 1216 1597 1279 19.
1645 1220 1704 1280 et
1748 1215 1852 1279 23.
1893 1235 1956 1296 p.
2004 1216 2104 1295 2.).
2167 1214 2327 1279 Cum
2390 1234 2541 1300 ergo
2602 1215 2693 1298 fit,
2737 1221 2810 1280 ut
2856 1214 3040 1281 Mens

420 1323 488 1370 se
532 1307 735 1389 ipsam
784 1306 986 1388 possit
1031 1306 1471 1390 contemplari,
1512 1324 1585 1369 eo
1622 1306 1762 1389 ipso
1802 1305 1881 1369 ad
1915 1307 2219 1388 majorem
2258 1304 2707 1387 perfectionem
2749 1306 3044 1387 transire,

417 1397 538 1457 hoc
600 1400 696 1459 est
741 1396 888 1474 (per
948 1391 1141 1461 Schol.
1187 1394 1384 1479 Prop.
1432 1394 1535 1458 11.
1592 1393 1827 1477 hujus),
1884 1393 2138 1458 Laetitia
2196 1393 2362 1457 affici
2410 1396 2812 1477 supponitur,
2859 1405 2923 1458 et
2968 1413 3041 1458 eo

419 1484 662 1650 ῐὸεῄέτί,
668 1502 836 1635 131υο
883 1501 953 1548 se
999 1502 1316 1569 suamque
1354 1484 1583 1568 agendi
1628 1484 1979 1567 potentiam
2029 1483 2398 1548 distinctius
2444 1485 2781 1568 imaginari
2818 1488 3042 1567 potest.

1416 1679 2076 1726 GOROLLARIUE

509 1759 669 1825 Haec
727 1760 980 1827 Laetitia
1040 1763 1245 1847 magis
1294 1765 1629 1847 magisque
1670 1761 1945 1842 fovetur,
1993 1779 2124 1845 quo
2171 1763 2374 1844 magis
2421 1762 2609 1825 homo
2657 1781 2725 1827 se
2771 1761 2851 1826 ab
2899 1762 3042 1826 aliis

420 1850 667 1915 laudari
712 1852 1119 1936 imaginatur.
1166 1851 1332 1916 Nam
1381 1870 1509 1935 quo
1557 1852 1761 1935 magis
1810 1868 1879 1914 se
1926 1850 2005 1914 ab
2050 1851 2194 1914 aliis
2240 1849 2488 1915 laudari
2525 1852 2931 1935 imaginatur,
2968 1870 3042 1916 eo

420 1942 646 2023 majori
691 1938 943 2005 Laetitia
989 1941 1148 2005 alios
1189 1940 1267 2004 ab
1313 1943 1455 2024 ipso
1502 1939 1671 2004 affici
1715 1939 2125 2020 imaginatur,
2162 1938 2359 2023 idque
2397 1943 2864 2005 concomitante
2900 1941 3044 2004 idea

421 2030 527 2093 sui
595 2031 742 2110 (per
803 2027 998 2095 Schol.
1046 2029 1239 2109 Prop.
1287 2030 1390 2093 29.
1439 2028 1685 2112 hujus);
1755 2034 1950 2111 atque
2020 2029 2180 2093 adeo
2253 2034 2400 2113 (per
2443 2027 2631 2109 Prop.
2679 2029 2784 2093 27.
2830 2028 3043 2113 hujus)

420 2119 559 2201 ipse
605 2119 843 2202 majore
887 2118 1140 2183 Laetitia
1185 2122 1651 2183 concomitante
1695 2117 1840 2182 idea
1887 2119 1991 2181 sui
2036 2117 2329 2182 afficitur.
2379 2115 2448 2196 Q.
2493 2117 2575 2182 E.
2623 2117 2706 2182 D.

1254 2264 1956 2332 PROPOSITIO
2046 2266 2214 2331 LIV.

512 2378 701 2445 Mens
769 2400 845 2445 ea
910 2385 1159 2446 tantum
1226 2381 1570 2466 imaqinari
1635 2385 1921 2464 conatur,
1987 2401 2128 2466 quoe
2185 2381 2387 2466 ipsius
2445 2381 2673 2463 ayendi
2712 2383 3046 2465 potentiam

416 2475 684 2549 ponunt·
1378 2577 2094 2624 nnMoNsrRAmo.

515 2657 752 2723 Mentis
823 2665 1092 2724 conatus
1160 2662 1297 2724 sive
1361 2662 1643 2743 potentia
1704 2654 1800 2725 est
1860 2662 1999 2744 ipsa
2043 2663 2249 2745 ipsius
2296 2660 2533 2725 Mentis
2578 2663 2856 2726 essentia
2900 2662 3048 2744 (per

426 2746 621 2832 Prop.
686 2748 746 2810 7.
808 2748 1052 2832 hujus):
1114 2747 1350 2813 Mentis
1395 2755 1608 2814 autem
1656 2752 1935 2814 essentia
1981 2753 2076 2831 (ut
2108 2770 2230 2835 per
2272 2770 2338 2815 se
2382 2754 2619 2830 notum)
2664 2750 2731 2814 id
2777 2756 3048 2831 tant-um,

423 2838 600 2920 quod
667 2836 852 2903 Mens
918 2844 1015 2902 est
1080 2845 1143 2902 et
1209 2843 1435 2922 potest,
1495 2837 1797 2918 affirmat3
1867 2844 1932 2902 at
1992 2858 2123 2903 non
2169 2839 2255 2922 id,
2300 2839 2474 2923 quod
2515 2858 2648 2903 non
2696 2845 2793 2904 est
2834 2858 3048 2924 neque

422 2931 666 3010 potest3
736 2927 1021 3012 adeoque
1088 2928 1156 2992 id
1221 2932 1473 2992 tantum
1543 2929 1886 3012 imaginari
1951 2933 2240 3010 conatur,
2308 2928 2481 3012 quod
2548 2930 2754 3013 ipsius
2815 2929 3044 3013 agendi

421 3017 770 3107 potentiam
816 3016 1091 3081 affirmat
1137 3019 1276 3082 sive
1319 3020 1516 3100 ponit.
1569 3014 1638 3095 Q.
1684 3014 1760 3080 Ε.
1806 3014 1892 3082 D.

1281 3151 1983 3218 PROPOSITIO
2074 3152 2206 3217 LV.

516 3261 673 3331 Cum
717 3266 910 3332 Mens
950 3287 1131 3332 suam
1175 3267 1605 3348 impotentiam
1646 3266 2052 3349 immittatur,
2097 3286 2164 3331 eo
2207 3267 2342 3347 ipso
2387 3267 2810 3333 contristatur.

1386 3397 2099 3444 DEMONSTRATIQ

516 3478 751 3545 Mentis
811 3481 1088 3546 essentia
1146 3480 1216 3545 id
1276 3485 1548 3562 tantum,
1595 3479 1766 3564 quod
1816 3477 2000 3544 Mens
2047 3483 2145 3544 est
2190 3485 2252 3544 et
2296 3485 2523 3563 potest,
2569 3478 2861 3562 affirmat,
2908 3481 3047 3545 sive

426 3568 509 3633 'de
574 3575 807 3635 natura
876 3568 1111 3634 Mentis
1172 3574 1285 3652 est,
1344 3588 1420 3634 ea
1478 3568 1922 3633 tantummodo
1967 3570 2325 3653 imaginari,
2372 3587 2519 3653 quae
2563 3571 2772 3653 ipsius
2815 3569 3045 3654 agendi

425 3660 777 3741 potentiam
824 3663 1075 3742 ponunt
1118 3660 1266 3738 (per
1311 3656 1502 3743 Prop.
1543 3657 1845 3743 praeced).
1886 3657 2050 3723 Cum
2087 3660 2306 3742 itaque
2331 3658 2625 3741 dicimuS,
2649 3659 2822 3743 quod
2845 3659 3049 3740 MenS,

428 3745 584 3810 dum
630 3765 701 3812 se
743 3749 945 3831 ipsam
994 3748 1478 3832 contemplatur,
1525 3767 1707 3812 suam
1755 3748 2148 3831 imaginatur
2191 3750 2650 3831 impotentiam,
2687 3748 2847 3812 nihil
2871 3748 3047 3812 aliud

428 3835 727 3920 dicimus,
775 3856 967 3921 quam
1018 3837 1213 3921 quod,
1258 3837 1412 3901 dum
1461 3835 1647 3902 Mens
1694 3836 1942 3919 aliquid
1977 3837 2314 3922 imaginari
2336 3840 2625 3919 conatur,
2648 3837 2822 3922 quod
2844 3839 3048 3921 ipsius

428 3926 663 4009 agendi
729 3927 1076 4009 potentiam
1147 3928 1346 4010 ponit,
1406 3926 1510 3989 hic
1571 3927 1711 4009 ejus
1771 3931 2040 3990 conatus
2086 3930 2434 4009 coercetur,
2479 3927 2618 3991 sive
2663 3930 2811 4008 (per
2855 3924 3051 3991 Schol.

426 4012 619 4099 Prop.
668 4014 773 4079 11.
815 4013 1032 4098 hujus)
1080 4016 1255 4100 quod
1300 4017 1440 4098 ipsa
1485 4016 1911 4080 contristatur.
1962 4012 2032 4093 Q.
2075 4013 2153 4079 E.
2200 4014 2284 4079 D.
2478 4029 2481 4032 ·

1416 4146 2076 4193 GOROLLARIUM.

517 4226 682 4292 Haec
725 4226 1006 4293 Tristitia
1051 4230 1255 4313 magis
1304 4248 1378 4293 ac
1424 4230 1628 4313 magis
1673 4228 1946 4312 fovetur,
1993 4234 2050 4294 si
2097 4248 2167 4295 se
2211 4229 2290 4293 ab
2330 4229 2471 4295 aliis
2511 4230 2858 4313 vituperari
2893 4231 3050 4294 ima-

426 4317 725 4401 ginatum
789 4318 963 4401 quod
1010 4318 1232 4383 eodem
1279 4318 1470 4383 modo
1518 4318 2013 4402 demonstratur,
2057 4339 2132 4383 ac
2179 4318 2405 4383 Coroll.
2449 4318 2638 4403 Prop.
2688 4320 2788 4383 53.
2835 4319 3049 4403 hujus

1509 4450 1980 4497 scHoLIUffi

518 4529 681 4595 Haec
738 4531 1020 4596 Tristitia
1062 4534 1531 4597 concomitante
1573 4532 1716 4597 idea
1759 4536 2000 4597 nostrae
2044 4532 2498 4597 imbecillitatis
2544 4531 2898 4599 Hmnilitas
2941 4554 3049 4618 ap-

428 4620 738 4704 pellatur3
786 4620 1039 4686 Laetitia
1085 4627 1319 4705 autem,
1357 4639 1506 4706 quae
1546 4640 1630 4686 ex
1667 4622 2207 4706 contemplatione
2229 4624 2433 4687 nostri
2458 4624 2678 4707 oritur,
2701 4621 3052 4706 Philautia,

429 4710 540 4774 vel
584 4710 1065 4795 Aequiescentia
1109 4709 1183 4775 in
1226 4731 1293 4776 se
1335 4712 1470 4791 ipso
1515 4717 1796 4775 vocatur.
1844 4710 1930 4775 Et
1977 4708 2281 4796 quoniam
2322 4712 2459 4776 haec
2497 4715 2687 4778 toties
2725 4714 3051 4797 repetitur,

432 4801 686 4882 quoties
729 4800 919 4865 homo
965 4819 1119 4865 suas
1163 4801 1434 4866 virtutes
1482 4802 1618 4865 sive
1663 4819 1847 4864 suam
1895 4801 2126 4884 agendi
2171 4802 2519 4885 potentiam
2568 4802 3052 4886 contemplatur,

432 4888 584 4952 hinc
657 4906 807 4973 ergo
877 4889 1068 4956 etiam
1132 4888 1225 4972 fit,
1293 4894 1365 4954 ut
1425 4891 1882 4974 unusquisque
1939 4889 2108 4954 facta
2152 4909 2270 4956 sua
2315 4910 2596 4975 narrare,
2641 4893 2874 4974 suique
2917 4895 3048 4954 tam
