3609 5642
1557 518 1639 562 nn
1681 515 2069 564 firmemus.
3032 500 3118 565 69

499 684 657 749 nihil
701 685 918 749 minus
965 685 1034 747 in
1080 688 1390 767 potestate
1424 683 1657 750 habere
1697 704 1893 770 quam
1930 684 2238 770 linguam,
2276 703 2395 751 nec
2439 687 2654 750 minus
2690 704 2877 770 posse
2919 706 3113 771 quam

498 775 816 857 appetitus
885 773 1201 838 moderari
1269 792 1454 854 suos3
1524 774 1698 839 unde
1764 773 2022 857 factum,
2084 778 2159 838 ut
2218 775 2508 859 plerique
2552 775 2830 857 credant,
2874 795 2993 840 nos
3040 794 3114 840 ea

498 867 744 927 tantum
790 860 988 927 libere
1033 880 1240 946 agere,
1286 883 1430 947 quae
1474 863 1701 928 leviter
1743 865 2045 947 petimuS,
2090 865 2243 948 quia
2289 882 2510 928 earum
2549 882 2764 928 rerum
2790 866 3111 949 appetitus

499 950 679 1015 facile
747 952 1033 1015 contrahi
1094 956 1303 1035 potest
1362 953 1669 1016 memoria
1713 952 1980 1017 alterius
2025 955 2139 1035 rei,
2184 953 2370 1035 cujus
2413 951 2783 1036 frequenter
2825 953 3112 1018 recorda-

495 1060 674 1120 mur3
726 1040 838 1105 sed
880 1040 993 1104 illa
1038 1041 1320 1122 minime,
1365 1059 1509 1124 quae
1557 1060 1788 1124 magno
1833 1060 1980 1105 cum
2020 1041 2250 1106 affectu
2289 1043 2587 1126 petimuS,
2625 1046 2688 1106 et
2713 1043 2827 1125 qui
2847 1042 3112 1108 alterius

494 1131 587 1194 rei
654 1130 959 1194 memoria
1026 1129 1236 1193 sedari
1301 1131 1543 1213 nequit.
1612 1129 2188 1195 Verumenimvero
2250 1132 2375 1195 nisi
2421 1131 2671 1215 experti
2715 1136 2946 1214 essent,
2991 1150 3110 1196 nos

495 1219 678 1301 plura
746 1236 950 1302 agere,
997 1237 1271 1301 quorum
1318 1224 1536 1303 postea
1581 1220 1867 1303 poenitet,
1912 1238 2163 1303 nosque
2208 1238 2393 1305 saepe,
2433 1220 2689 1303 quando
2735 1239 2821 1284 sc.
2866 1225 3111 1285 contra-

490 1309 605 1371 riis
671 1307 1001 1372 affectibus
1069 1306 1528 1389 conflictamur,
1596 1308 1856 1373 meliora
1925 1308 2142 1373 videre
2210 1313 2273 1373 et
2343 1308 2656 1374 deteriora
2701 1310 2902 1393 sequi,
2948 1309 3111 1373 nihil

491 1396 844 1480 impediret,
915 1414 1042 1479 quo
1111 1397 1326 1460 minus
1392 1396 1737 1479 crederent,
1806 1416 1924 1460 nos
1995 1398 2210 1461 omnia
2255 1396 2454 1462 libere
2499 1415 2702 1481 agere.
2747 1396 2853 1462 Sic
2898 1397 3110 1463 infans

492 1503 562 1549 se
628 1485 726 1549 lac
783 1485 981 1550 libere
1043 1490 1337 1570 appetere
1396 1485 1613 1567 credit,
1672 1504 1835 1570 puer
1893 1490 2107 1552 autem
2174 1487 2378 1551 iratus
2421 1487 2771 1550 vindictam
2820 1486 3002 1568 velle,
3046 1491 3110 1551 et

487 1574 753 1638 timidus
819 1573 1055 1658 fugam.
1124 1573 1363 1638 Ebrius
1430 1573 1660 1639 deinde
1703 1575 1922 1656 credit,
1967 1594 2036 1640 se
2080 1594 2164 1640 ex
2209 1573 2409 1640 libero
2457 1573 2691 1640 Mentis
2738 1575 2989 1640 decreto
3036 1594 3111 1640 ea

483 1663 680 1747 loqui,
747 1682 895 1747 quae
955 1667 1173 1746 postea
1234 1662 1488 1727 sobrius
1532 1663 1724 1727 vellet
1768 1665 2081 1729 tacuisse:
2130 1665 2225 1728 sic
2270 1664 2566 1745 delirans,
2609 1663 2885 1748 garrula,
2931 1683 3108 1749 puer,

483 1757 546 1816 et
591 1753 786 1835 hujus
831 1751 1054 1815 farinae
1112 1751 1391 1836 plurimi,
1437 1770 1520 1816 ex
1567 1750 1768 1817 libero
1817 1751 2052 1817 Mentis
2099 1752 2352 1817 decreto
2399 1752 2670 1817 credunt
2715 1751 2911 1836 loqui,
2958 1772 3104 1817 cum

479 1845 693 1905 tamen
760 1840 1071 1925 loquendi
1137 1843 1468 1924 impetum,
1536 1859 1726 1924 quem
1790 1840 2048 1923 habent,
2110 1843 2439 1907 continere
2496 1847 2852 1925 nequeant;
2898 1843 2989 1906 ita
3035 1848 3109 1906 ut

479 1930 619 2013 ipsa
686 1931 1083 2013 experientia
1148 1948 1281 1993 non
1344 1931 1560 1994 minus
1622 1930 1789 1995 clare
1837 1950 2029 2015 quam
2079 1929 2265 1994 Ratio
2311 1930 2552 2013 doceat,
2596 1930 2767 2015 quod
2814 1931 3106 1996 homines

480 2036 555 2083 ea
615 2019 750 2082 sola
796 2018 875 2083 de
921 2037 1118 2082 causa
1163 2017 1397 2083 liberos
1444 2036 1514 2082 se
1559 2036 1700 2083 esse
1745 2020 2025 2101 credant,
2071 2020 2223 2104 quia
2270 2038 2533 2084 suarum
2583 2019 2907 2083 actionum
2954 2028 3107 2085 sunt

482 2108 743 2189 conscii,
809 2112 875 2172 et
943 2126 1305 2189 causarum,
1377 2126 1415 2170 a
1480 2106 1718 2191 quibus
1788 2108 2314 2190 determinantur,
2373 2109 2613 2193 ignari;
2677 2112 2740 2172 et
2784 2111 3104 2192 praeterea,

479 2196 654 2280 quod
727 2195 961 2261 Mentis
1024 2196 1275 2261 decreta
1319 2195 1480 2259 nihil
1533 2198 1664 2260 sint
1709 2203 1938 2279 praeter
1980 2198 2156 2280 ipsos
2200 2199 2539 2282 appetituS,
2584 2215 2728 2299 quae
2775 2201 3105 2281 propterea

480 2286 661 2349 varia
721 2290 878 2351 sunt
937 2304 1052 2369 pro
1099 2287 1277 2348 varia
1324 2282 1622 2369 Corporis
1668 2284 2100 2387 dispositione.
2143 2285 2309 2349 Nam
2356 2287 2812 2370 unusquisque
2856 2304 2940 2350 ex
2984 2305 3103 2351 suo

483 2373 715 2438 affectu
776 2376 994 2438 omnia
1038 2373 1430 2455 moderatur,
1474 2377 1538 2438 et
1584 2375 1698 2458 qui
1743 2379 2047 2458 praeterea
2093 2375 2427 2440 contrariis
2472 2373 2805 2440 affectibus
2851 2374 3108 2439 conflic-

479 2467 718 2544 tantur,
792 2463 949 2547 quid
1020 2462 1243 2546 velint,
1308 2463 1643 2542 nesciunt3
1710 2465 1823 2546 qui
1883 2468 2098 2529 autem
2144 2464 2343 2547 nullo,
2387 2463 2560 2528 facili
2608 2467 2929 2528 momento
2974 2464 3104 2530 huc

478 2557 674 2635 atque
741 2553 901 2616 illuc
967 2552 1314 2636 pelluntur.
1384 2549 1544 2627 Quae
1613 2554 1829 2615 omnia
1893 2552 2173 2637 profecto
2243 2553 2411 2617 clare
2457 2551 2826 2634 ostendunt,
2869 2550 3103 2620 Mentis

476 2645 608 2705 tam
678 2641 1023 2725 decretum,
1092 2660 1286 2725 quam
1358 2640 1711 2725 appetitum
1779 2646 1844 2705 et
1904 2640 2200 2726 Corporis
2246 2641 2863 2722 determinationem,
2907 2643 3104 2707 simul

475 2748 618 2795 esse
684 2732 937 2813 natura,
1004 2731 1107 2795 vel
1175 2729 1391 2814 potius
1458 2748 1654 2793 unam
1726 2729 2125 2815 eandemque
2188 2749 2344 2812 rem,
2413 2749 2626 2814 quam,
2672 2729 2930 2815 quando
2978 2731 3100 2796 sub

477 2818 899 2903 Cogitationis
967 2818 1275 2884 attributo
1321 2818 1766 2883 consideratur
1811 2823 1874 2883 et
1917 2838 2030 2904 per
2072 2821 2289 2904 ipsum
2334 2819 2709 2904 explicatur,
2751 2817 3097 2885 Decretum

476 2908 893 2992 appellamus,
959 2914 1022 2973 et
1090 2907 1346 2992 quando
1408 2905 1531 2971 sub
1590 2906 2009 2973 Extensionis
2056 2907 2363 2973 attributo
2409 2908 2868 2990 consideratur,
2911 2912 2975 2973 et
3017 2928 3102 2975 ex

477 2997 729 3081 legibus
799 3001 1013 3063 motus
1072 3003 1135 3061 et
1196 2997 1433 3080 quietis
1481 2995 1837 3078 deducitur,
1881 2994 2492 3062 Determinationem
2537 3015 2878 3077 vocamus;
2926 2999 3101 3082 quod

478 3086 688 3151 adhuc
755 3088 994 3151 clarius
1056 3104 1139 3150 ex
1192 3087 1329 3168 jam
1391 3085 1679 3150 dicendis
1741 3086 1995 3170 patebit.
2040 3084 2208 3150 Nam
2255 3085 2429 3150 aliud
2467 3091 2582 3169 est,
2626 3087 2800 3170 quod
2844 3086 2949 3151 hic
2992 3107 3100 3171 ap-

476 3177 682 3259 prime
747 3177 958 3240 notari
997 3176 1272 3278 ‘vellem,
1331 3192 1563 3258 nempe
1610 3174 1783 3257 quod
1834 3194 1952 3239 nos
1997 3175 2158 3238 nihil
2204 3193 2288 3239 ex
2334 3173 2569 3240 Mentis
2615 3175 2868 3241 decreto
2914 3195 3100 3260 agere

477 3283 843 3348 possumus,
890 3265 1016 3329 nisi
1061 3265 1201 3347 ejus
1247 3262 1675 3328 recordemur.
1723 3262 1847 3327 Ex,
1892 3283 1984 3348 gr.
2030 3282 2161 3327 non
2204 3283 2552 3346 possumus
2595 3263 2864 3329 verbum
2902 3265 3101 3350 loqui,

478 3354 608 3418 nisi
674 3354 960 3436 ejusdem
1025 3352 1453 3418 recordemur.
1524 3349 1774 3417 Deinde
1818 3353 1886 3416 in
1931 3351 2130 3417 libera
2175 3351 2410 3418 Mentis
2454 3357 2765 3436 potestate
2808 3372 2940 3417 non
2986 3358 3101 3437 est,

473 3444 568 3507 rei
634 3443 911 3527 alicujus
978 3442 1302 3507 recordari
1368 3440 1471 3505 vel
1543 3441 1834 3523 ejusdem
1903 3440 2212 3506 oblivisci.
2284 3440 2497 3518 Quare
2554 3443 2674 3506 hoc
2730 3446 2983 3507 tantum
3030 3445 3099 3507 in

478 3529 714 3597 Mentis
758 3537 1068 3617 potestate
1112 3548 1255 3596 esse
1300 3530 1598 3612 creditur,
1644 3529 1819 3613 quod
1867 3549 2021 3613 rem,
2066 3531 2169 3613 cuj
2177 3550 2254 3594 us
2299 3531 2727 3612 recordamur,
2764 3532 2868 3595 vel
2890 3536 3099 3598 tacere

474 3622 578 3685 vel
636 3620 817 3705 loqui
878 3639 961 3686 ex
1022 3620 1160 3685 solo
1224 3617 1460 3683 Mentis
1522 3618 1774 3684 decreto
1840 3638 2205 3703 possumus.
2267 3618 2513 3684 Verum
2560 3639 2708 3684 cum
2754 3639 2873 3686 nos
2919 3621 3100 3705 loqui

478 3712 895 3793 somniamus,
963 3709 1285 3774 credimus
1347 3726 1467 3771 nos
1529 3726 1612 3771 ex
1657 3707 1858 3772 libero
1902 3706 2137 3773 Mentis
2181 3708 2433 3774 decreto
2481 3709 2677 3793 loqui,
2721 3728 2841 3774 nec
2885 3713 3095 3776 tamen

475 3798 822 3901 loquimur,
891 3798 1012 3880 vel,
1070 3799 1128 3863 si
1190 3797 1536 3880 loquimur,
1584 3796 1651 3860 id
1691 3815 1775 3861 ex
1824 3795 2115 3882 Corporis
2161 3801 2518 3882 spontaneo
2560 3802 2737 3863 motu
2780 3797 2868 3862 fit.
2917 3797 3098 3864 Som-

477 3889 733 3953 niamus
801 3887 1047 3969 deinde,
1115 3905 1234 3950 nos
1309 3884 1603 3969 quaedam
1671 3887 1963 3951 homines
2031 3887 2257 3968 celare,
2320 3887 2517 3971 idque
2579 3887 2798 3953 eodem
2861 3885 3097 3953 Mentis

479 3976 752 4058 decreto,
816 3995 966 4061 quo,
1033 3976 1190 4040 dum
1259 3975 1619 4057 vigilamus,
1690 3994 1781 4057 ea,
1844 3994 1992 4060 quae
2039 3977 2299 4059 scimus,
2341 3975 2643 4040 tacemus
2690 3974 3097 4043 Somniamus

480 4066 776 4150 denique,
838 4085 956 4130 nos
1016 4083 1100 4130 ex
1161 4062 1397 4129 Mentis
1444 4062 1693 4128 decreto
1741 4065 2036 4148 quaedam
2079 4083 2285 4149 agere,
2330 4084 2493 4149 quae,
2537 4065 2693 4130 dum
2741 4065 3099 4151 vigilamus,

480 4174 611 4219 non
653 4155 989 4220 audemus.
1035 4156 1253 4237 Atque
1301 4151 1458 4217 adeo
1502 4152 1810 4236 pervelim
1857 4155 2038 4237 scire,
2076 4174 2158 4218 an
2196 4155 2266 4217 in
2307 4152 2522 4219 Mente
2546 4154 2673 4218 duo
2697 4153 3097 4220 decretorum

478 4262 713 4327 genera
758 4244 1008 4325 dentur,
1053 4242 1615 4307 Phantasticorum
1662 4262 1890 4324 unum,
1934 4246 1998 4307 et
2042 4241 2415 4307 Liberorum
2455 4243 2726 4307 alterum
2743 4243 2775 4307 ἰ’
2815 4241 3002 4319 Quod
3041 4247 3098 4310 si

480 4350 554 4397 eo
616 4351 826 4416 usque
868 4333 1152 4396 insanire
1198 4349 1330 4394 non
1374 4329 1547 4411 libet,
1593 4332 1957 4396 necessario
2004 4331 2489 4396 concedendum
2536 4336 2651 4416 est,
2697 4333 2816 4396 hoc
2861 4331 3097 4398 Mentis

485 4420 832 4505 decretum,
893 4420 1066 4506 quod
1125 4419 1400 4484 liberum
1445 4437 1587 4484 esse
1632 4421 1931 4502 creditur,
1975 4419 2055 4484 ab
2101 4423 2241 4505 ipsa
2284 4421 2738 4503 imaginatione
2783 4422 2919 4486 sive
2967 4442 3097 4487 me·

483 4512 683 4576 moria
727 4530 859 4575 non
906 4511 1236 4593 distingui,
1283 4527 1402 4573 nec
1449 4508 1626 4572 aliud
1671 4527 1814 4574 esse
1860 4513 2086 4593 praeter
2130 4510 2306 4573 illam
2351 4507 2855 4593 affirmationem,
2902 4531 3095 4594 quam

478 4599 637 4681 idea,
685 4605 1006 4684 quatenus
1051 4599 1196 4663 idea
1242 4602 1357 4678 est,
1402 4600 1761 4662 necessario
1805 4598 2080 4662 involvit
2124 4598 2284 4679 (vide
2327 4596 2445 4662 Pr.
2493 4598 2596 4663 49.
2636 4618 2699 4679 p.
2742 4598 2841 4679 2.).
2880 4602 3098 4685 Atque

480 4688 636 4754 adeo
680 4690 818 4753 haec
864 4687 1100 4754 Mentis
1145 4687 1400 4751 decreta
1445 4685 1665 4751 eadem
1714 4687 2093 4752 necessitate
2137 4689 2206 4750 in
2245 4686 2461 4752 Mente
2500 4689 2815 4770 oriuntur,
2838 4708 2914 4752 ac
2937 4691 3096 4755 ideae

479 4796 691 4842 rerum
740 4782 889 4843 actu
936 4777 1370 4842 existentium.
1419 4773 1547 4851 Qui
1586 4776 1784 4859 igitur
1821 4776 2110 4859 credunt,
2148 4794 2218 4841 se
2255 4795 2340 4842 ex
2362 4775 2561 4841 libero
2585 4775 2820 4843 Mentis
2844 4779 3094 4844 decreto

482 4865 681 4952 loqui,
728 4868 831 4933 vel
876 4871 1107 4950 tacere,
1151 4866 1257 4930 vel
1302 4865 1657 4949 quicquam
1703 4883 1908 4951 agere,
1953 4865 2159 4932 oculis
2202 4866 2434 4951 apertis
2480 4868 2816 4931 somniant.
