3609 5642
1586 552 1668 598 nn
1712 551 1929 597 mm.
2984 535 3063 599 31

1303 717 2009 785 PROPOSITIO
2098 718 2217 783 HL

534 836 619 900 In
662 835 796 901 Deo
839 836 1034 900 datur
1077 835 1421 899 necessario
1463 833 1625 914 idea,
1667 838 1798 898 tam
1841 836 1982 918 ejws
2019 835 2316 918 essentiae,
2361 854 2550 920 quam
2595 835 2886 916 omnium,
2927 854 3071 919 quoe
3181 870 3193 887 κ

446 946 525 990 ex
566 926 770 1010 ipsius
814 926 1080 991 essentia
1121 924 1470 989 necessario
1513 928 1882 1008 sequuntur.

1396 1055 2117 1101 nnuoNsrRAr1o

535 1137 712 1204 Deus
758 1141 928 1204 enim
976 1144 1124 1219 (per
1166 1138 1361 1221 Prop.
1409 1138 1468 1202 1.
1513 1137 1734 1222 hujus)
1776 1136 2029 1201 infinita
2067 1136 2339 1202 infinitis
2380 1138 2586 1202 modis
2610 1139 2907 1221 cogitare,
2931 1137 3070 1200 sive

447 1228 651 1313 (quod
704 1228 869 1292 idem
926 1233 1030 1311 est,
1073 1247 1187 1312 per
1232 1227 1429 1312 Prop.
1476 1227 1579 1291 16.
1621 1247 1682 1312 p.
1732 1226 1817 1306 1.)
1862 1226 2070 1291 ideam
2117 1246 2252 1290 suae
2298 1229 2611 1309 essentiae,
2656 1234 2718 1291 et
2763 1227 3071 1299 omnium,

448 1336 595 1400 quae
639 1320 997 1382 necessario
1046 1335 1130 1382 ex
1176 1335 1250 1381 ea
1293 1321 1676 1402 sequuntur,
1721 1316 1998 1380 formare
2043 1322 2266 1400 potest.
2313 1316 2520 1401 Atqui
2558 1335 2748 1380 omne
2786 1315 2871 1398 id,
2895 1313 3071 1399 quod

445 1407 516 1469 in
583 1404 704 1470 Dei
768 1412 1077 1491 potestate
1145 1411 1259 1488 est,
1319 1406 1675 1470 necessario
1721 1410 1819 1469 est
1866 1405 2015 1488 (per
2058 1402 2253 1488 Prop.
2300 1404 2404 1469 35.
2447 1425 2509 1490 p.
2557 1405 2640 1482 1.)
2685 1423 2834 1488 ergo
2882 1403 3072 1468 datur

450 1497 812 1561 necessario
857 1496 1004 1561 talis
1051 1494 1213 1578 idea,
1259 1499 1324 1559 et
1369 1500 1521 1580 (per
1564 1493 1760 1577 Prop.
1808 1493 1911 1557 15.
1955 1513 2018 1578 p.
2065 1494 2150 1573 1.)
2194 1514 2324 1558 non
2365 1495 2492 1559 nisi
2514 1495 2582 1558 in
2606 1492 2760 1559 Deo.
2789 1491 2857 1572 Q.
2882 1492 2960 1557 Ε.
2985 1489 3067 1556 D.

1521 1626 2000 1671 SOROLIUM.

537 1706 792 1793 Vulgus
850 1724 967 1793 per
1028 1706 1143 1773 Dei
1189 1709 1535 1792 potentiam
1582 1708 1883 1791 intelligit
1918 1705 2039 1771 Dei
2085 1705 2349 1773 liberam
2398 1708 2812 1788 voluntatem,
2858 1711 2921 1770 et
2961 1706 3072 1788 jus

445 1796 516 1859 in
583 1799 815 1878 omnia,
887 1817 1031 1881 quae
1092 1802 1262 1879 sunt,
1324 1815 1598 1881 quaeque
1656 1802 1989 1880 propterea
2051 1797 2474 1861 communiter
2521 1803 2593 1861 ut
2636 1797 3074 1879 contingentia

448 1885 951 1951 considerantur.
997 1885 1208 1951 Deum
1254 1888 1425 1951 enim
1471 1890 1849 1970 potestatem
1890 1887 2106 1949 omnia
2145 1885 2519 1951 destruendi
2555 1884 2790 1949 habere
2828 1885 3071 1965 dicunt,

448 1979 513 2038 et
577 1976 646 2037 in
713 1975 990 2039 nihilum
1057 1975 1405 2059 redigendi.
1474 1973 1597 2040 Dei
1664 1994 1854 2059 porro
1902 1976 2250 2059 potentiam
2297 1993 2445 2039 cum
2492 1975 2778 2058 potentia
2820 1972 3069 2057 Regum

449 2065 800 2147 saepissime
849 2069 1238 2147 comparant.
1285 2063 1410 2129 Sed
1454 2065 1576 2128 hoc
1619 2065 1690 2127 in
1738 2062 2086 2128 corollario
2138 2065 2193 2127 1.
2240 2069 2303 2129 et
2350 2065 2408 2128 2.
2454 2062 2919 2147 Propositionis
2967 2064 3072 2126 32.

448 2154 645 2236 partis
693 2154 750 2217 1.
795 2153 1236 2236 refutavimus,
1282 2158 1345 2217 et
1387 2152 1832 2238 Propositione
1883 2153 1980 2216 16.
2025 2154 2246 2236 partis.
2296 2155 2357 2215 10
2397 2152 2815 2233 ostendimuS,
2861 2150 3070 2216 Deum

447 2241 667 2306 eadem
734 2244 1114 2309 necessitate
1182 2260 1386 2326 agere,
1456 2262 1584 2326 qua
1653 2243 1934 2326 seipsum
2006 2242 2342 2325 intelligit3
2413 2244 2533 2306 hoc
2592 2247 2707 2324 est,
2752 2241 2944 2306 sicuti
2989 2260 3073 2305 ex

446 2332 824 2396 necessitate
869 2332 1104 2396 divinae
1150 2337 1400 2396 naturae
1446 2331 1742 2416 sequitur
1789 2331 1982 2412 (sicut
2027 2348 2247 2395 omnes
2293 2350 2424 2395 uno
2471 2349 2580 2395 ore
2623 2331 2955 2410 statuunt),
3003 2336 3076 2394 ut

448 2417 627 2485 Deus
695 2423 983 2504 seipsum
1046 2419 1381 2504 intelligat,
1450 2420 1705 2485 eadem.
1739 2421 1932 2484 etiam
1991 2421 2368 2484 necessitate
2414 2421 2725 2504 sequitur,
2773 2425 2846 2483 ut
2893 2417 3073 2484 Deus

446 2507 698 2573 infinita
764 2509 1034 2574 infinitis
1097 2510 1302 2574 modis
1361 2514 1525 2593 agat.
1571 2507 1819 2573 Deinde
1866 2507 2309 2592 Propositione
2356 2509 2458 2573 34.
2508 2510 2706 2594 partis
2759 2510 2812 2571 1.
2861 2514 3072 2573 osten·

452 2596 686 2680 dimus,
732 2596 857 2663 Dei
899 2601 1247 2684 potentiam
1295 2599 1456 2661 nihil
1503 2616 1661 2680 esse,
1705 2603 2133 2681 praeterquam
2179 2596 2301 2663 Dei
2339 2604 2666 2663 actuosam
2692 2599 3070 2678 essentiam,

450 2685 736 2772 adeoque
795 2693 926 2752 tam
973 2687 1158 2752 nobis
1204 2686 1600 2770 impossibile
1646 2693 1744 2752 est
1790 2688 2144 2772 concipere,
2187 2684 2399 2752 Deum
2444 2706 2575 2751 non
2621 2704 2825 2771 agere,
2875 2706 3068 2770 quam

446 2773 658 2841 Deum
723 2796 855 2841 non
914 2795 1072 2843 esse.
1134 2776 1332 2841 Porro
1394 2777 1452 2840 si
1510 2776 1668 2841 haec
1713 2776 1987 2842 ulterius
2031 2777 2328 2862 persequi
2375 2775 2618 2860 liberet,
2665 2793 2918 2860 possem
2966 2775 3070 2839 hic

448 2865 720 2931 ulterius
787 2866 1136 2948 ostendere,
1203 2866 1551 2950 potentiam
1619 2865 1818 2947 illam,
1886 2886 2082 2950 quam
2140 2867 2375 2950 vulgus
2437 2864 2572 2930 Deo
2619 2864 2885 2948 affingit,
2935 2883 3065 2928 non

447 2959 698 3019 tantum
759 2955 1101 3019 humanam
1164 2973 1305 3021 esse
1348 2954 1546 3039 (quod
1592 2955 1870 3020 ostendit
1915 2953 2127 3021 Deum
2172 2954 2516 3037 hominem,
2559 2954 2665 3019 vel
2708 2956 2912 3019 instar
2955 2953 3067 3018 ho-

447 3044 641 3109 minis
707 3063 745 3108 a
791 3044 984 3129 vulgo
1029 3045 1319 3128 concipi),
1359 3044 1474 3109 sed
1519 3045 1710 3108 etiam
1756 3044 2195 3127 impotentiam
2242 3044 2584 3108 involvere.
2632 3041 2759 3108 Sed
2799 3044 2946 3108 nolo
2988 3042 3068 3107 de

448 3132 668 3198 eadem
735 3152 806 3197 re
872 3135 1059 3198 toties
1127 3151 1487 3199 sermonem
1553 3134 1909 3198 instituere.
1977 3131 2306 3198 Lectorem
2370 3133 2771 3198 solummodo
2832 3134 3067 3197 iterum

447 3227 641 3305 atque
681 3223 915 3286 iterum
960 3240 1134 3307 roge,
1180 3228 1270 3308 ut,
1317 3241 1462 3305 quae
1506 3223 1576 3285 in
1623 3223 1830 3307 prima
1876 3226 2071 3306 parte,
2115 3240 2200 3287 ex
2244 3221 2693 3306 Propositione
2737 3221 2836 3303 16,
2863 3240 3070 3306 usque

449 3310 532 3375 ad
596 3310 810 3394 finem,
876 3311 955 3377 de
1020 3312 1138 3375 hac
1183 3329 1253 3376 re
1298 3311 1468 3375 dicta
1512 3314 1683 3393 sunt,
1729 3310 1928 3376 semel
1974 3316 2168 3396 atque
2212 3312 2445 3376 iterum
2493 3310 2857 3396 perpendat.
2902 3309 3067 3375 Nam

449 3418 639 3465 nemo
684 3419 777 3483 ea,
822 3420 968 3485 quae
1013 3400 1177 3481 volo,
1223 3402 1546 3484 percipere
1589 3409 1761 3464 recte
1806 3402 2057 3485 poterit,
2105 3401 2235 3466 nisi
2280 3418 2662 3485 magnopere
2707 3406 2945 3483 caveat,
2990 3418 3073 3465 ne

448 3487 571 3555 Dei
613 3491 960 3574 potentiam
1004 3508 1153 3554 cum
1198 3489 1480 3554 humana
1522 3486 1776 3574 Regum
1823 3490 2107 3573 potentia
2151 3491 2255 3555 vel
2292 3491 2441 3574 jure
2486 3488 2851 3554 confundat.

1302 3636 2008 3707 PROPOSITIO
2098 3638 2211 3702 IV.

538 3750 694 3817 Idea
751 3751 892 3837 Dei,
956 3773 1033 3818 ex
1090 3772 1220 3838 qua
1279 3747 1542 3834 infim'td
1599 3751 1878 3835 infinitis
1921 3751 2121 3817 modis
2165 3757 2539 3838 sequuntur,
2583 3752 2778 3818 unica
2824 3756 3071 3817 tantum

453 3858 581 3905 esse
612 3845 835 3925 potest.

1401 3948 2119 3994 nnuonsrnsr1o

536 4029 911 4096 Intellectus
975 4030 1271 4095 infinitus
1339 4031 1518 4113 nihil,
1579 4035 1808 4115 praeter
1853 4029 1974 4097 Dei
2019 4030 2324 4096 attributa
2368 4032 2640 4117 ejusque
2684 4030 3073 4111 affectiones,

452 4120 929 4203 comprehendit
976 4121 1125 4205 (per
1171 4119 1364 4203 Prop.
1412 4119 1514 4183 30.
1557 4139 1619 4204 p.
1666 4120 1768 4200 1.).
1809 4122 2013 4205 Atqui
2048 4118 2227 4186 Deus
2265 4125 2361 4186 est
2398 4123 2634 4185 unicus
2673 4125 2825 4204 (per
2851 4117 3073 4185 Coroll.

452 4207 510 4271 1.
557 4207 752 4294 Prop.
800 4209 903 4272 14.
944 4228 1008 4293 p.
1052 4210 1151 4291 1.).
1217 4208 1388 4293 Ergo
1455 4209 1599 4274 idea
1660 4207 1799 4291 Dei,
1869 4228 1949 4274 ex
2022 4230 2149 4294 qua
2214 4209 2466 4274 infinita
2526 4209 2799 4274 infinitis
2861 4209 3066 4273 modis

451 4303 832 4382 sequuntur,
877 4299 1069 4363 unica
1112 4303 1361 4362 tantum
1410 4316 1551 4363 esse
1593 4302 1820 4382 potest.
1871 4296 1941 4377 Q.
1986 4296 2067 4363 E.
2114 4297 2197 4362 D.

1319 4432 2023 4500 PROPOSITIO
2113 4434 2191 4499 V.

538 4547 699 4615 Esse
764 4549 1029 4634 formale
1094 4549 1382 4615 idearum
1438 4547 1659 4634 Deum,
1704 4555 2015 4634 quatenus
2059 4552 2300 4612 tantum
2346 4551 2419 4611 ut
2458 4567 2562 4611 res
2607 4547 2883 4630 wyitans
2928 4566 3070 4612 con-

449 4637 789 4723 sederam,
830 4658 950 4723 pro
994 4658 1192 4703 causa
1234 4639 1525 4724 ayne-scit,
1568 4644 1626 4704 et
1669 4656 1798 4702 non
1844 4641 2159 4723 quatenus
2195 4636 2319 4702 alio
2356 4635 2660 4702 attributo
2702 4637 3071 4721 explicatur.

452 4724 593 4791 Hoc
657 4732 765 4811 est,
830 4733 963 4793 tam
1028 4726 1152 4793 Dei
1215 4728 1675 4806 attributorum,
1742 4746 1936 4812 quam
2002 4746 2216 4793 rerum
2260 4725 2686 4810 sinqularium
2727 4725 2901 4809 ideae,
2942 4744 3074 4790 non

448 4817 592 4900 ipsa
636 4816 843 4883 ideata
884 4819 1012 4892 sive
1055 4838 1157 4882 res
1197 4822 1518 4902 perceptas
1558 4835 1677 4901 pro
1721 4837 1917 4882 causa
1961 4815 2272 4900 efficiente
2315 4819 2676 4899 aquoso-wat,
2712 4814 2823 4880 sed
2864 4816 3073 4900 ipsum

450 4903 678 4992 Deum,
719 4911 1033 4990 quatenus
1074 4912 1167 4973 est
1204 4927 1306 4972 res
1347 4906 1640 4992 coyitans.
1848 4951 1852 4953 Α
