3609 5642
1526 531 1608 576 nn
1651 531 2038 577 mactemus.
2999 514 3085 576 85

1421 717 2139 767 DEMONSTRATIQ

556 799 697 877 Quo
765 802 913 884 quis
975 802 1211 884 majore
1269 818 1484 865 amore
1527 820 1662 866 rem
1709 806 1988 866 amatam
2032 820 2183 886 erga
2227 820 2298 866 se
2344 802 2631 866 affectam
2678 819 2819 866 esse
2862 801 3086 884 imagi-

466 894 675 973 natur,
743 907 818 955 eo
888 891 1092 974 magis
1160 889 1539 974 gloriabitur
1606 894 1754 975 (per
1795 889 2059 973 praeoed.
2102 888 2334 975 Propq)
2394 892 2515 955 hoc
2560 895 2656 956 est
2699 893 2848 975 (per
2891 886 3087 954 Schol.

465 978 652 1064 Prop.
699 978 803 1043 30.
848 979 1059 1064 hujus)
1118 978 1473 1059 laetabitur3
1535 979 1826 1064 adeoque
1886 984 1907 1060 (
1918 999 2033 1082 par
2076 979 2264 1060 Prop.
2313 980 2417 1044 28.
2464 979 2676 1063 hayus)
2735 977 3086 1062 conabitur,

466 1074 780 1152 quantum
839 1072 1065 1154 potest,
1125 1069 1462 1152 imaginari
1504 1087 1641 1133 rem
1688 1075 1964 1134 amatam
2011 1071 2137 1154 ipsi
2183 1088 2377 1154 quam
2426 1071 2782 1135 arctissime
2827 1068 3084 1133 devinc-

464 1163 627 1222 tam·
612 1207 629 1239 ,
700 1159 812 1241 qui
883 1158 1143 1242 quidem
1212 1167 1480 1222 conatus
1549 1159 1687 1223 sive
1753 1161 2072 1243 appetitus
2115 1157 2521 1242 fomentatur,
2569 1161 2625 1223 si
2670 1158 2870 1223 alium
2914 1157 3083 1221 idem

465 1246 589 1311 sibi
655 1264 887 1331 cupere
953 1248 1360 1350 imaginatur
1406 1252 1561 1332 (per
1605 1246 1795 1330 Prop.
1842 1246 1946 1311 31.
1992 1246 2221 1330 hujus).
2291 1248 2378 1312 At
2447 1249 2552 1312 hic
2621 1251 2888 1312 conatus
2948 1248 3085 1311 sive

465 1338 784 1421 appetitus
852 1335 931 1401 ab
999 1336 1204 1421 ipsius
1271 1335 1365 1400 rei
1433 1340 1664 1400 amatae
1732 1337 2014 1421 imagine
2059 1338 2519 1403 concomitante
2563 1338 2845 1420 imagine
2887 1336 3086 1419 illius,

464 1443 656 1510 quem
700 1443 804 1490 res
849 1431 1058 1490 amata
1103 1423 1226 1489 sibi
1265 1426 1499 1509 Jungit,
1547 1427 1826 1489 coe'rceri
1865 1426 2283 1511 supponitur3
2327 1444 2477 1510 ergo
2501 1430 2649 1510 (per
2671 1423 2867 1492 Schol.
2891 1423 3084 1508 Prop.

464 1514 566 1579 11.
612 1512 828 1598 hujus)
895 1533 970 1579 eo
1035 1516 1174 1599 ipso
1242 1513 1522 1579 Tristitia
1592 1513 1925 1597 afficietur,
1992 1515 2455 1580 concomitante
2521 1515 2664 1580 idea
2722 1516 2817 1579 rei
2860 1519 3084 1578 amatae

462 1610 770 1687 tanquam
838 1622 1051 1686 causa,
1115 1607 1178 1668 et
1236 1603 1432 1667 simul
1474 1604 1757 1688 imagine
1801 1604 2099 1684 alterius3
2149 1604 2268 1669 hoc
2312 1608 2408 1669 est
2451 1606 2600 1685 (per
2645 1601 2841 1669 Schol.
2888 1600 3083 1686 Prop.

463 1692 566 1756 13.
612 1691 847 1776 hujus),
917 1692 1061 1757 odIo
1129 1711 1279 1776 erga
1346 1710 1482 1756 rem
1553 1698 1827 1757 amatam
1895 1691 2227 1776 afficietur,
2297 1698 2359 1758 et
2427 1693 2623 1758 simul
2682 1711 2834 1774 erga
2896 1692 3083 1756 illum

463 1783 732 1847 alterum
800 1785 946 1865 (per
1009 1779 1226 1847 Coreli.
1286 1779 1481 1866 Prop.
1546 1781 1649 1845 15.
1696 1780 1929 1865 hujus),
1989 1784 2095 1846 cui
2155 1786 2488 1864 propterea
2534 1786 2555 1865 (
2567 1802 2681 1867 per
2727 1780 2924 1865 Prop.
2971 1780 3081 1847 23.

461 1869 694 1955 hujus),
739 1871 914 1955 quod
957 1890 1028 1935 re
1076 1876 1285 1935 amata
1332 1871 1702 1954 delectatur,
1748 1870 2081 1936 invidebit.
2128 1870 2197 1951 Q.
2240 1869 2318 1935 Ε.
2364 1867 2449 1936 D.

1537 2004 2010 2049 sonoLIUm

550 2083 694 2149 Hoc
753 2083 988 2150 Odium
1048 2104 1197 2170 erga
1255 2105 1390 2151 rem
1437 2090 1713 2151 amatam
1760 2085 2038 2151 Invidiae
2078 2085 2374 2167 junctum
2427 2082 2755 2169 Zelotypia
2796 2087 3082 2165 vocatur,

464 2193 613 2258 quae
656 2174 925 2257 proinde
971 2175 1129 2238 nihil
1176 2175 1351 2240 aliud
1397 2181 1511 2259 est,
1558 2195 1752 2259 quam
1802 2177 2003 2239 animi
2045 2171 2380 2238 fluctuatio
2427 2178 2565 2238 orta
2612 2191 2696 2238 ex
2741 2173 2983 2237 Amore
3021 2177 3084 2238 et

464 2261 628 2327 Odio
694 2264 905 2346 simul,
969 2266 1432 2329 concomitante
1500 2265 1646 2329 idea
1709 2264 1993 2346 alteriuS,
2055 2263 2160 2326 cui
2205 2263 2548 2327 invidetur.
2595 2261 2914 2327 Praeterea
2961 2263 3083 2326 hoc

464 2350 701 2416 Odium
767 2371 918 2437 erga
974 2371 1108 2417 rem
1171 2359 1441 2419 amatam
1505 2355 1714 2437 majus
1773 2354 1894 2419 erit
1939 2370 2054 2436 pro
2099 2353 2345 2418 ratione
2388 2349 2679 2434 Laetitiae,
2725 2371 2856 2435 qua
2903 2350 3083 2415 Zelo-

462 2446 661 2526 typus
731 2460 814 2507 ex
881 2443 1202 2527 reciproco
1269 2444 1365 2508 rei
1432 2448 1663 2508 amatae
1733 2442 1973 2506 Amore
2044 2440 2286 2506 solebat
2353 2440 2538 2524 affici,
2606 2445 2668 2506 et
2729 2443 2920 2505 etiam
2966 2459 3080 2524 pro

460 2531 708 2594 ratione
752 2530 1034 2612 affectus,
1080 2550 1211 2617 quo
1258 2551 1408 2615 erga
1451 2532 1658 2636 illum,
1705 2551 1899 2615 quem
1949 2528 2072 2595 sibi
2117 2549 2253 2595 rem
2299 2536 2574 2594 amatam
2612 2530 2885 2614 jungere
2922 2530 3080 2594 ima-

462 2621 744 2704 ginatur,
811 2620 1076 2685 affectus
1133 2625 1282 2686 erat.
1329 2620 1495 2686 Nam
1544 2622 1599 2686 si
1645 2640 1793 2685 eum
1843 2621 2079 2703 oderat,
2125 2637 2200 2685 eo
2247 2619 2387 2703 ipso
2431 2638 2566 2684 rem
2613 2624 2886 2683 amatam
2934 2622 3083 2702 (per

461 2707 652 2792 Prop.
701 2709 804 2774 24.
850 2708 1063 2791 huius)
1129 2709 1274 2775 odio
1333 2710 1605 2790 habebit,
1668 2711 1823 2794 quia
1881 2711 2088 2794 ipsam
2147 2707 2231 2791 id,
2280 2708 2453 2795 quod
2499 2711 2637 2793 ipse
2684 2709 2829 2773 odio
2875 2706 3081 2790 habet,

459 2797 713 2863 Laetitia
779 2797 1028 2864 afficere
1071 2798 1498 2884 imaginatur3
1548 2804 1610 2865 et
1657 2800 1848 2863 etiam
1895 2802 2042 2883 (per
2088 2795 2309 2862 Goroll.
2352 2795 2549 2901 Prop.
2597 2797 2698 2861 15.
2741 2794 2952 2879 hayus)
3000 2814 3082 2861 ex

462 2906 558 2969 eo,
603 2887 779 2971 quod
823 2889 916 2953 rei
962 2891 1190 2953 amatae
1233 2890 1578 2974 imaginem
1623 2889 1893 2973 imagini
1923 2889 2080 2970 eJus,
2103 2904 2298 2971 quem
2337 2886 2487 2968 odit,
2518 2888 2791 2969 jungere
2815 2887 3080 2991 cogitur.

465 2975 627 3053 Quae
674 2977 835 3042 ratio
879 2977 1264 3062 plerumque
1305 2978 1520 3042 locum
1566 2976 1756 3042 habet
1799 2977 1870 3040 in
1916 2977 2156 3040 Amore
2193 2994 2343 3060 erga
2380 2974 2742 3040 foeminam·
2727 3025 2744 3057 ,
2771 2977 2886 3060 qui
2908 2976 3081 3040 enim

382 3106 391 3107 f
460 3067 852 3150 imaginatur
915 3066 1267 3148 mulierem,
1337 3087 1530 3151 quam
1594 3070 1782 3148 amat,
1829 3065 2013 3131 alteri
2060 3082 2200 3130 sese
2244 3066 2645 3149 prostituere,
2692 3084 2821 3129 non
2871 3065 3079 3129 solum

464 3174 548 3220 ex
616 3154 710 3238 ec,
758 3155 929 3240 quod
973 3157 1178 3241 ipsius
1223 3157 1540 3241 appetitus
1584 3159 1930 3237 coercetur,
1975 3153 2472 3237 contristabitur,
2515 3154 2628 3218 sed
2672 3155 2882 3236 etiam,
2928 3155 3082 3238 quia

463 3245 556 3309 rei
600 3250 827 3310 amatae
871 3246 1217 3329 imaginem
1263 3245 1582 3329 pudendis
1628 3249 1692 3310 et
1736 3245 2166 3309 excrementis
2211 3242 2474 3307 alterius
2513 3244 2789 3327 jungere
2812 3245 3082 3328 cogitur,

463 3334 729 3400 eandem
774 3339 1137 3415 aversatum
1186 3334 1267 3399 ad
1313 3335 1485 3420 quod
1524 3335 1804 3418 denique
1846 3332 2107 3415 accedit,
2132 3332 2305 3417 quod
2330 3330 2676 3417 Zelotypus
2700 3351 2833 3396 non
2859 3333 3081 3397 eodem

465 3423 669 3505 vultu,
737 3442 930 3507 quem
991 3443 1095 3489 res
1138 3429 1348 3488 amata
1394 3426 1454 3488 ei
1498 3423 1784 3507 praebere
1830 3422 2091 3505 solebat,
2138 3420 2218 3485 ab
2264 3421 2483 3485 eadem
2530 3422 2908 3505 excipiatur,
2954 3441 3083 3505 qua

465 3514 653 3577 etiam
700 3513 779 3577 de
823 3531 1017 3578 causa
1061 3533 1284 3578 amans
1331 3514 1762 3594 contristatur,
1810 3517 1883 3576 ut
1918 3513 2052 3596 Jam
2102 3510 2451 3575 ostendam.

1225 3635 1924 3704 PROPOSITIO
2015 3634 2334 3701 XXXVI.

559 3749 680 3830 Qui
723 3751 833 3826 rei,
877 3770 1006 3838 qua
1049 3753 1234 3818 semel
1273 3752 1607 3817 delectatus
1649 3756 1756 3827 est,
1799 3749 2192 3834 recordatur,
2235 3749 2409 3833 cupit
2453 3749 2665 3814 eadem
2702 3767 2843 3813 cum
2864 3746 3083 3812 iisdem

463 3840 656 3924 potiri
695 3841 1199 3920 circumstantiis,
1244 3862 1318 3906 ac
1362 3862 1502 3907 cum
1538 3841 1747 3922 primo
1789 3841 1933 3921 ipsa
1977 3839 2314 3904 delectatus
2357 3842 2463 3903 eat.

1427 3972 2149 4020 DEMONSTBATIO.

554 4052 876 4139 Quicquid
921 4055 1114 4120 homo
1158 4055 1353 4120 simul
1398 4073 1547 4120 cum
1593 4073 1679 4137 re,
1725 4074 1877 4138 quae
1923 4055 2139 4139 ipsum
2180 4052 2538 4135 delectavit,
2578 4050 2759 4133 vidit,
2781 4050 2848 4114 id
2873 4069 3083 4116 omme

466 4145 614 4227 (per
655 4142 850 4229 Prop.
896 4144 1000 4208 15.
1044 4142 1259 4227 hayus)
1321 4145 1440 4209 erit
1499 4162 1613 4227 per
1660 4144 1956 4208 accidens
2001 4141 2276 4208 Laetitiae
2324 4160 2555 4220 causa3
2602 4140 2892 4225 adeoque
2937 4145 3083 4224 (per

467 4231 661 4318 Prop.
708 4234 813 4297 28.
859 4231 1075 4319 hujus)
1121 4236 1298 4299 omni
1342 4252 1418 4298 eo
1464 4233 1659 4298 simul
1705 4252 1853 4297 cum
1903 4251 1991 4313 re,
2037 4251 2186 4317 quae
2232 4231 2444 4315 ipsum
2495 4228 2849 4311 delectavit,
2895 4231 3084 4312 potiri

468 4324 699 4408 cupiet,
766 4325 904 4388 sive
968 4342 1040 4388 re
1108 4342 1258 4388 cum
1319 4322 1622 4388 omnibus
1665 4321 1896 4387 iisdem
1943 4321 2444 4387 circumstantiis
2490 4320 2683 4403 potiri
2729 4319 2961 4403 cupiet,
3008 4338 3082 4384 ac

468 4431 616 4476 cum
660 4414 869 4497 primo
916 4412 1137 4478 eadem
1183 4412 1534 4478 delectatus
1580 4416 1692 4476 est.
1744 4409 1813 4490 Q.
1858 4410 1937 4475 Ε.
1986 4409 2069 4474 D.

1453 4543 1488 4589 o
1511 4543 1549 4589 o
1569 4544 1612 4589 n
1633 4543 1671 4588 o
1694 4544 1733 4589 L
1753 4544 1792 4589 L
1814 4544 1858 4589 A
1876 4543 1919 4588 n
1940 4544 1964 4587 1
1982 4542 2027 4588 n
2048 4543 2112 4589 ιι.

556 4613 625 4678 Si
688 4615 908 4698 itaque
975 4634 1170 4680 unam
1240 4632 1324 4679 ex
1388 4614 1470 4680 iis
1538 4614 2039 4679 circumstantiis
2099 4610 2367 4678 deficere
2413 4611 2813 4694 compererit,
2860 4628 3083 4674 amans

471 4703 971 4769 contristabitur.

1407 4809 2119 4857 nnuonsrnar1o

553 4880 719 4947 Nam
788 4885 1108 4967 quatenus
1177 4881 1461 4966 aliquam
1528 4881 2074 4947 circumstantiam
2135 4877 2404 4946 deficere
2450 4878 2773 4963 comperit,
2819 4880 3081 4942 eatenus
