3609 5642
495 471 582 535 54
1524 487 1772 534 6161666
1815 484 1970 532 rsus
2012 488 2075 533 11.

492 657 811 722 hominem
861 675 1002 723 esse
1045 656 1285 721 animal
1327 653 1604 738 risibile,
1651 655 1890 720 animal
1936 653 2118 739 bipes
2163 657 2304 721 sine
2348 656 2619 740 plumis3
2662 656 2900 720 animal
2921 656 3112 719 ratio-

490 746 668 826 nale3
737 750 801 811 et
868 748 963 811 sic
1032 747 1110 810 de
1174 745 1447 829 reliquis
1515 745 1972 829 unusquisque
2035 763 2151 828 pro
2220 745 2635 829 dispositione
2681 747 2784 810 sui
2830 745 3114 829 corporis

490 853 705 899 rerum
772 835 1169 900 universales
1235 835 1549 919 imagines
1616 833 1929 898 formabit
2005 832 2218 910 Quare
2284 852 2417 898 non
2480 836 2718 898 mirum
2778 839 2893 919 est,
2940 834 3114 918 quod

490 924 658 988 inter
715 922 1156 1008 Philosophos,
1217 924 1331 1008 qui
1391 941 1495 989 res
1541 923 1867 989 naturales
1912 941 2026 1008 per
2074 922 2242 988 solas
2286 942 2503 989 rerum
2550 924 2865 1008 imagines
2911 923 3115 1008 expli-

490 1031 636 1078 care
680 1013 1045 1098 voluerunt,
1089 1017 1184 1078 tot
1230 1014 1361 1078 sint
1406 1016 1560 1077 ortae
1605 1013 2081 1078 controversiae.

1487 1143 1948 1189 6611661611
2033 1123 2119 1188 II.

577 1218 683 1288 Ex
750 1225 1049 1290 omnibus
1116 1244 1313 1310 supra
1381 1225 1567 1290 dictis
1635 1225 1805 1290 clare
1871 1229 2150 1310 apparet,
2219 1243 2340 1290 nos
2402 1223 2649 1312 multas
2666 1226 3008 1310 percipere,
3055 1227 3118 1289 et

489 1316 784 1379 notiones
851 1315 1249 1381 universales
1314 1313 1588 1380 formare
1653 1311 1732 1378 1⁰.
1797 1333 1881 1380 ex
1949 1313 2409 1400 singularibus,
2476 1314 2665 1379 nobis
2724 1334 2836 1399 per
2883 1333 3117 1380 sensus

490 1404 798 1483 mutilate,
865 1403 1150 1487 confuse,
1218 1408 1281 1468 et
1346 1405 1488 1469 sine
1554 1404 1778 1469 ordine
1835 1403 1917 1468 ad
1963 1404 2364 1469 intellectum
2409 1406 2878 1488 repraesentatis
2921 1402 3118 1483 (Vide

492 1490 712 1558 Ooroll.
756 1491 950 1574 Prop.
997 1493 1102 1557 29.
1146 1491 1394 1575 hasmo:
1464 1496 1529 1558 et
1592 1492 1735 1557 ideo
1800 1493 1961 1621 talgs
2031 1493 2470 1596 perceptiones
2539 1495 2968 1579 cognitionem
3032 1492 3112 1556 ab

488 1586 884 1736 231333202232
926 1601 1113 1736 1335}
1153 1599 1801 1754 ᾳῖἳὶῗὲαὲἓέῗὲῗζέὲ
1825 1580 2068 1736 {3215}
2110 1601 2637 1754 {iffi-miris.
2668 1581 3112 1755 {311103333533

492 1759 639 1824 dam
684 1760 862 1825 ideas
907 1759 1260 1826 formemus
1307 1761 1549 1825 similes
1594 1761 1695 1843 iis,
1738 1778 1854 1844 per
1901 1779 2062 1845 quas
2107 1779 2210 1826 res
2249 1762 2682 1845 imaginamur
2702 1759 2894 1840 (Vide
2915 1758 3115 1825 Schol.

489 1847 683 1929 Prop.
731 1849 835 1913 18.
871 1848 1105 1934 hujus).
1171 1849 1540 1933 Utrumque
1593 1850 1769 1914 hunc
1829 1867 1933 1914 res
1978 1850 2454 1934 contemplandi
2500 1850 2762 1915 modum
2822 1849 3114 1934 669111ιί6-

483 1956 631 2091 ffimo.
660 1937 3114 2113 {Zissgu‘ffl‘sssspgssffininssfflsssIfflnffi‘ss’5²1²'orffmssffffssssossfiffissffiss

487 2116 665 2182 ideas
712 2117 1078 2200 adaequatas
1124 2114 1435 2182 habemus
1481 2115 1673 2197 (Vide
1720 2115 1941 2182 Coroll.
1985 2116 2179 2201 Prop.
2220 2117 2324 2181 38.
2348 2123 2405 2182 et
2443 2117 2546 2182 39.
2570 2137 2712 2182 cum
2733 2120 2872 2203 ejus
2897 2116 3116 2183 Coroll.

490 2211 547 2270 et
593 2203 791 2286 Prop.
838 2205 942 2270 40.
987 2204 1239 2289 hujus);
1286 2211 1481 2290 atque
1525 2206 1701 2270 11666
1745 2205 2103 2271 Rationem*
2130 2213 2194 2272 et
2236 2205 2494 2272 secundi
2531 2209 2783 2292 qeneris
2824 2208 3114 2290 (16ρηί116-

487 2313 630 2359 nem
701 2294 958 2359 vocabo.
1001 2293 1244 2360 Praeter
1288 2295 1426 2359 haec
1472 2294 1602 2360 duo
1648 2296 2034 2380 cognitionis
2078 2315 2315 2381 genera
2361 2296 2566 2380 datur,
2610 2302 2685 2361 ut
2726 2299 2794 2361 in
2843 2315 3121 2381 sequen-

486 2382 661 2448 tibus
729 2383 1080 2466 ostendam,
1141 2383 1319 2448 aliud
1378 2384 1649 2467 tertium,
1697 2385 1873 2469 quod
1919 2383 2258 2450 Scientiam
2302 2385 2677 2452 Inmitivam
2721 2386 3116 2451 vocabimus.

484 2474 705 2556 Atque
773 2473 894 2537 hoc
962 2472 1390 2556 cognoscendi
1455 2492 1665 2559 genus
1732 2474 2018 2558 procedit
2083 2474 2162 2540 ab
2223 2474 2560 2559 adaequata
2617 2476 2763 2541 idea
2822 2477 3116 2541 essentioe

483 2561 775 2626 formalis
863 2561 1269 2646 quorundam
1351 2560 1474 2627 Dei
1541 2562 1997 2628 attributorum
2064 2564 2146 2628 ad
2213 2564 3113 2652 6.(1166661661ζξ663611166616

486 2652 784 2716 essentiae
842 2670 1077 2716 rerum.
1122 2649 1281 2716 Haec
1328 2652 1542 2715 omnia
1588 2653 1785 2717 unius
1831 2655 1927 2717 rei
1972 2653 2268 2738 exemplo
2316 2654 2665 2737 explicabo.
2714 2652 2969 2720 Dantur
3015 2672 3117 2719 ex.

485 2759 578 2823 gr.
624 2745 756 2805 tres
801 2741 1074 2822 numeri,
1120 2739 1201 2804 ad
1249 2745 1552 2824 quartum
1599 2740 2040 2826 obtinendum,
2087 2744 2202 2826 qui
2247 2744 2331 2807 sit
2368 2742 2451 2807 ad
2489 2745 2750 2809 tertium
2790 2748 2864 2808 61
2886 2761 3117 2809 secun-

488 2829 612 2893 dus
678 2829 759 2893 ad
826 2830 1128 2915 primum.
1187 2827 1334 2893 Non
1397 2829 1692 2895 dubitant
1738 2837 2121 2897 mercatores
2169 2832 2525 2897 secundum
2572 2834 2643 2897 in
2688 2835 2950 2899 tertium
2999 2831 3118 2896 du-

488 2936 650 3000 cere,
716 2921 780 2982 et
846 2918 1231 3002 productum
1298 2936 1413 3002 per
1477 2920 1758 3004 primum
1826 2920 2142 3001 dividere3
2216 2923 2370 3005 quia
2438 2922 2680 2988 scilicet
2742 2941 2836 3006 ea,
2883 2940 3031 3007 quae
3081 2941 3120 2985 a

488 3008 791 3091 magistro
860 3007 1105 3091 absque
1152 3007 1286 3071 ulla
1332 3008 1877 3075 demonstratione
1922 3009 2329 3092 audiverunt,
2375 3011 2665 3076 nondum
2712 3012 3121 3077 tradiderunt

488 3096 817 3178 oblivioni,
886 3096 987 3161 vel
1059 3097 1212 3180 quia
1277 3096 1345 3161 id
1413 3116 1582 3181 saepe
1643 3100 1712 3163 in
1776 3100 2066 3164 numeris
2112 3100 2605 3185 simplicissimis
2650 3103 2899 3187 experti
2946 3107 3119 3182 sunt,

489 3185 590 3250 vel
638 3203 722 3250 ex
768 3186 833 3249 vi
878 3183 1460 3251 Demonstrationis
1505 3187 1695 3272 Prop.
1746 3187 1847 3252 19.
1884 3187 1993 3252 lib.
2038 3189 2094 3253 7.
2134 3187 2403 3272 Euclid„
2425 3208 2658 3274 nempe
2680 3209 2764 3255 ex
2788 3190 3119 3255 communi

492 3275 875 3360 proprietate
918 3274 1506 3360 proportionalium.
1553 3279 1642 3341 At
1685 3278 1755 3340 in
1801 3278 2089 3343 numeris
2134 3279 2631 3363 simplicissimis
2675 3280 2839 3344 nihil
2884 3281 3116 3344 horum

489 3383 652 3448 opus
712 3367 825 3428 est.
886 3363 1008 3428 Ex.
1069 3384 1163 3448 gr.
1212 3364 1375 3429 datis
1438 3367 1727 3431 numeris
1790 3367 1848 3450 l,
1896 3368 1955 3449 2,
2002 3368 2060 3451 3,
2106 3385 2297 3432 nemo
2357 3387 2489 3431 non
2542 3369 2736 3453 videt,
2812 3374 3115 3454 quartum

489 3471 831 3518 numerum
901 3454 1435 3538 proportionalem
1508 3472 1650 3520 esse
1712 3455 1790 3539 6.,
1851 3461 2044 3540 atque
2103 3457 2225 3521 hoc
2271 3458 2474 3522 multo
2522 3459 2779 3541 clarius,
2826 3460 2981 3542 quia
3027 3475 3113 3523 ex

488 3544 629 3627 ipsa
673 3543 940 3625 ratione,
985 3561 1179 3627 quam
1223 3545 1509 3626 primum
1555 3544 1637 3609 ad
1684 3545 2043 3624 secundum
2091 3545 2324 3613 habere
2361 3566 2492 3612 uno
2532 3548 2775 3613 intuitu
2800 3549 3118 3629 videmus,

487 3634 705 3717 ipsum
751 3636 1054 3716 quartum
1100 3632 1564 3698 concludimus.

1320 3769 1376 3836 P
1397 3768 1457 3835 R
1478 3769 1531 3835 O
1556 3771 1611 3836 P
1634 3769 1687 3836 Ο
1713 3770 1757 3837 S
1781 3771 1816 3837 I
1837 3772 1887 3839 Τ
1909 3772 1942 3837 I
1967 3772 2020 3838 O
2109 3772 2279 3838 XLI.

582 3881 866 3967 Coqnitio
926 3881 1124 3964 primi
1183 3881 1428 3967 qeneris
1490 3884 1683 3949 unica
1739 3889 1830 3949 est
1885 3886 2193 3971 falsitatis
2233 3907 2446 3972 causa,
2488 3889 2747 3955 secundi
2789 3897 2999 3957 autem
3041 3896 3102 3958 et

490 3972 663 4036 tertii
702 3975 795 4037 est
836 3969 1180 4037 necessario
1221 3991 1389 4036 vera.

602 4105 607 4111 .
1446 4081 2163 4131 DEMONSTRATIQ

578 4159 683 4224 Ad
729 4161 918 4244 primi
963 4162 1216 4245 generis
1262 4162 1694 4245 cognitionem
1742 4164 1888 4230 illas
1936 4185 2158 4232 omnes
2202 4166 2379 4230 ideas
2419 4167 2706 4235 diximus
2745 4171 2812 4233 in
2849 4170 3114 4253 praeced.

492 4248 701 4313 Schol.
770 4250 1105 4333 pertinere,
1167 4270 1313 4335 quae
1375 4256 1528 4316 sunt
1586 4252 2006 4337 inadaequatae
2051 4261 2113 4320 et
2158 4254 2474 4337 confusae3
2523 4262 2717 4342 atque
2763 4257 2921 4324 adeo
2966 4264 3118 4340 (per

489 4336 684 4418 Prop.
731 4337 836 4401 35.
882 4337 1103 4423 hujtos)
1177 4340 1310 4403 haec
1378 4341 1656 4423 cognitio
1725 4346 1918 4407 unica
1987 4350 2084 4409 est
2142 4344 2436 4410 falsitatis
2484 4365 2691 4412 causa.
2738 4345 2986 4412 Deinde
3032 4349 3115 4413 ad

491 4426 921 4512 cognitionem
990 4429 1258 4493 secundi
1316 4433 1378 4494 et
1438 4432 1607 4494 tertii
1651 4431 1794 4496 illas
1843 4434 2161 4517 pertinere
2206 4434 2513 4518 diximus,
2560 4456 2705 4520 quae
2751 4443 2906 4502 sunt
2950 4438 3116 4502 adae-

491 4520 731 4600 quatae3
806 4517 1093 4601 adeoque
1151 4524 1302 4599 (per
1345 4516 1539 4599 Prop.
1585 4519 1687 4584 34.
1731 4519 1956 4605 hujus)
2015 4529 2113 4588 est
2173 4526 2531 4589 necessario
2578 4544 2744 4590 vera.
2797 4524 2865 4604 Q.
2903 4525 2983 4591 Ε.
3030 4525 3115 4590 D.

1306 4644 2004 4713 PROPOSITIO
2094 4648 2300 4715 XLII.

581 4741 858 4808 Secundi
922 4750 982 4811 et
1045 4745 1232 4829 tertii,
1299 4751 1359 4811 et
1422 4766 1553 4813 non
1601 4749 1803 4834 primi
1841 4751 2094 4835 yeneris
2138 4751 2396 4834 coqnitio
2440 4751 2607 4817 docet
2651 4772 2767 4820 nos
2807 4774 3026 4820 verum
3073 4776 3117 4819 a

492 4831 662 4917 falso
706 4833 1106 4917 distinyuere.
