3609 5642
526 463 656 528 132
1536 482 1784 529 umens
1825 483 1979 530 rans
2021 484 2107 530 w.

520 649 794 714 essentia
837 650 970 733 (per
1016 649 1072 713 1.
1118 648 1362 735 Affcct
1406 648 1670 733 Defin.);
1741 649 1975 716 Mentis
2044 656 2258 717 autem
2317 652 2593 716 essentia
2651 651 2721 713 in
2768 650 3135 735 cognitione

520 738 812 802 consistit
854 741 987 822 (per
1030 736 1226 823 Prop.
1272 738 1373 804 11.
1413 759 1477 824 Ρ.
1523 740 1624 818 2.‚)
1662 758 1811 824 quae
1856 738 1978 807 Dei
2015 742 2441 826 cognitionem
2482 739 2756 804 involvit
2778 741 2912 822 (per
2933 735 3134 822 Prop.

520 825 625 890 47.
667 845 731 910 Ρ.
775 826 878 911 2.),
921 831 986 892 et
1031 829 1173 892 sine
1219 848 1349 912 qua
1390 831 1525 912 (per
1566 827 1765 913 Prop.
1806 828 1910 892 15.
1944 847 2006 913 Ρ.
2048 830 2106 893 1.
2110 833 2150 914 ),
2171 848 2290 895 nec
2312 847 2455 894 esse
2476 847 2596 892 nec
2618 829 2868 911 concipi
2889 830 3132 911 potest3

519 915 811 999 adeoque
877 934 1007 1000 quo
1075 915 1310 981 Mentis
1376 919 1655 982 essentia
1718 919 2018 1001 majorem
2079 917 2201 985 Dei
2248 919 2673 1002 cognitionem
2719 916 3012 997 involvit,
3059 934 3136 979 eo

521 1002 869 1088 Cupiditas,
937 1024 1066 1088 qua
1129 1006 1206 1089 is,
1273 1007 1386 1089 qui
1452 1008 1756 1072 virtutem
1826 1011 2122 1091 sectatur,
2181 1007 2445 1091 bonum,
2491 1006 2665 1091 quod
2708 1004 2833 1071 sibi
2878 1006 3136 1089 appetit,

520 1093 704 1159 alteri
747 1094 942 1178 cupit,
985 1095 1173 1160 etiam
1220 1096 1421 1178 major
1464 1096 1598 1161 erit.
1649 1094 1719 1175 Q.
1763 1093 1842 1160 Ε.
1883 1092 1968 1161 D.

1657 1205 1997 1272 Aliter.

607 1305 883 1385 Bonum,
947 1306 1120 1390 quod
1186 1306 1377 1371 homo
1445 1307 1570 1372 sibi
1636 1308 1874 1392 appetit
1939 1313 2004 1373 et
2071 1311 2259 1389 amat,
2320 1308 2719 1373 constantius
2781 1304 3036 1388 amabit,
3079 1308 3137 1371 si

519 1394 769 1477 viderit,
814 1396 972 1460 alios
1016 1396 1187 1462 idem
1233 1415 1449 1460 amare
1492 1399 1627 1480 (per
1672 1394 1868 1481 Prop.
1917 1395 2020 1460 31.
2062 1415 2124 1480 Ρ.
2174 1396 2292 1476 3.)
2341 1402 2536 1481 atque
2571 1396 2728 1461 adeo
2751 1402 2887 1480 (per
2915 1393 3135 1462 coroa.

520 1484 796 1568 ejusdem
840 1483 1060 1568 Prop.)
1110 1484 1463 1567 conabitur,
1507 1491 1581 1550 ut
1624 1485 1862 1569 reliqui
1908 1486 2075 1551 idem
2122 1490 2369 1565 ament3
2418 1490 2482 1550 et
2529 1487 2682 1569 quia
2728 1486 2848 1549 hoc
2891 1484 3134 1549 bonum

519 1575 654 1657 (per
697 1572 892 1658 Prop.
933 1577 1142 1658 praec.)
1189 1573 1488 1638 omnibus
1526 1592 1868 1640 commune
1903 1579 2018 1659 est,
2056 1592 2263 1659 eoque
2299 1592 2522 1639 omnes
2543 1573 2823 1658 gaudere
2846 1577 3138 1658 possunt,

520 1660 856 1728 conabitur
920 1681 1071 1747 ergo
1130 1670 1265 1747 (per
1322 1662 1576 1727 eandem
1633 1663 1977 1746 rationem),
2036 1667 2110 1728 ut
2153 1682 2376 1727 omnes
2423 1663 2645 1729 eodem
2688 1663 3029 1747 gaudeant,
3075 1667 3138 1726 et

518 1753 654 1837 (per
696 1750 891 1836 Prop.
937 1750 1041 1818 37.
1083 1771 1146 1836 Ρ.
1193 1751 1275 1833 3.)
1319 1770 1394 1817 eo
1439 1753 1664 1837 magis,
1709 1771 1838 1837 quo
1883 1754 2002 1816 hoc
2046 1751 2216 1817 bono
2265 1753 2469 1837 magis
2513 1751 2780 1817 fruetur.
2825 1751 2894 1833 Q.
2931 1750 3013 1816 E.
3051 1749 3135 1817 D.

1534 1884 1986 1931 scnomuu
2073 1864 2125 1930 I.

611 1963 738 2041 Qui
804 1983 889 2030 ex
955 1967 1090 2031 solo
1158 1964 1389 2030 affectu
1432 1971 1718 2047 conatur,
1762 1971 1838 2031 ut
1880 1966 2115 2050 reliqui
2160 1970 2393 2048 ament,
2439 1966 2616 2050 quod
2658 1966 2797 2049 ipse
2842 1968 3030 2046 amat,
3074 1966 3138 2028 et

520 2057 594 2118 ut
653 2054 886 2139 reliqui
932 2073 1015 2121 ex
1059 2055 1263 2139 ipsius
1308 2056 1568 2138 ingenio
1615 2056 1857 2137 vivant,
1902 2055 2039 2120 solo
2084 2056 2329 2139 impetu
2376 2058 2525 2139 agit,
2569 2060 2634 2119 et
2677 2054 2821 2118 ideo
2874 2054 3137 2118 odiosus

520 2146 635 2223 est,
677 2145 1000 2227 praecipue
1041 2145 1142 2227 iis,
1188 2143 1426 2227 quibus
1470 2145 1597 2208 alia
1641 2144 1910 2228 placent,
1955 2145 2199 2228 quique
2243 2150 2574 2228 propterea
2619 2145 2812 2209 etiam
2857 2142 3138 2223 student,

518 2236 583 2297 et
626 2231 848 2297 eodem
891 2233 1135 2317 impetu
1182 2238 1516 2313 conantur,
1561 2238 1635 2297 ut
1669 2233 1904 2317 reliqui
1941 2238 2161 2297 contra
2198 2235 2591 2317 exipsorum
2614 2233 2874 2316 ingenio
2898 2233 3135 2294 vivant.

517 2318 767 2385 Deinde
828 2324 1130 2404 quoniam
1179 2340 1525 2405 summum,
1573 2323 1746 2406 quod
1787 2323 2080 2387 homines
2125 2340 2208 2387 ex
2253 2321 2479 2387 affectu
2526 2324 2850 2406 appetunt,
2897 2319 3136 2384 bonum

521 2427 690 2493 saepe
758 2409 884 2476 tale
951 2415 1066 2492 est,
1130 2414 1204 2474 ut
1264 2429 1436 2475 unus
1498 2416 1745 2476 tantum
1791 2413 1932 2495 ejus
1977 2412 2179 2495 possit
2222 2429 2364 2476 esse
2409 2430 2686 2495 comp03‚
2730 2411 2881 2473 hinc
2927 2409 3019 2490 fit,
3064 2413 3138 2472 ιιι

520 2500 633 2583 qui
693 2503 925 2581 amant,
973 2505 1186 2565 mente
1229 2498 1353 2564 sibi
1396 2517 1527 2563 non
1571 2505 1881 2582 constent,
1927 2505 1991 2565 et
2034 2500 2188 2565 dum
2234 2500 2459 2565 laudes
2505 2502 2616 2579 rei,
2663 2519 2858 2583 quam
2903 2502 3138 2579 amant,

518 2606 777 2653 narrare
819 2588 1119 2672 gaudent,
1162 2589 1430 2653 timeant
1474 2589 1663 2653 credi.
1701 2590 1790 2653 At
1830 2590 1944 2673 qui
1980 2589 2264 2674 reliquos
2301 2593 2572 2653 conatur
2591 2549 2863 2652 Ratione
2886 2588 3138 2668 ducere,

516 2694 647 2739 non
713 2677 976 2761 impetu,
1043 2676 1155 2742 sed
1219 2677 1586 2742 humaniter
1652 2682 1715 2742 et
1774 2678 2051 2763 benigne
2110 2679 2260 2762 agit,
2302 2682 2367 2743 et
2426 2676 2551 2741 sibi
2597 2681 2810 2742 mente
2857 2677 3138 2740 maxime

518 2767 782 2829 constat.
851 2764 1051 2830 Porro
1120 2765 1430 2849 quicquid
1498 2767 1797 2849 cupimus
1863 2771 1925 2832 et
1984 2768 2254 2850 agimus,
2315 2767 2503 2849 cujus
2562 2785 2758 2830 causa
2785 2762 2828 2847 1)
2891 2783 3136 2845 sumus,

519 2857 838 2936 quatenus
895 2852 1018 2919 Dei
1075 2853 1385 2920 habemus
1443 2854 1671 2938 ideam,
1733 2858 1869 2921 sive
1915 2861 2235 2939 quatenus
2280 2853 2491 2919 Deum
2542 2856 3008 2939 cognoscimuS,
3056 2853 3136 2917 ad

515 2940 898 3023 Reliyionem
963 2942 1184 3008 refero
1231 2942 1655 3027 Cupiditatem
1702 2948 1916 3010 autem
1965 2943 2127 3009 bene
2168 2944 2461 3024 faciendi,
2508 2963 2657 3027 quae
2704 2963 2788 3008 ex
2832 2962 2908 3007 eo
2957 2945 3136 3026 inge-

517 3035 799 3115 neratur,
861 3032 1033 3115 quod
1078 3050 1162 3098 ex
1205 3030 1495 3097 Rationis
1541 3033 1740 3098 ductu
1786 3035 2086 3115 vivimuS,
2131 3032 2434 3098 Pietatem
2481 3051 2658 3097 voce.
2707 3030 3136 3116 Cupiditatem

517 3119 766 3203 deinde,
832 3139 962 3203 qua
1028 3122 1235 3204 homo,
1294 3122 1407 3205 qui
1465 3139 1549 3186 ex
1607 3121 1808 3186 ductu
1851 3120 2144 3187 Rationis
2192 3123 2368 3204 vivit,
2413 3127 2685 3204 tenetur,
2729 3125 2803 3186 ut
2849 3120 3135 3203 reliquos

518 3206 642 3273 sibi
707 3210 987 3274 amicitia
1038 3210 1285 3293 jungat,
1331 3208 1737 3276 Honestatem
1781 3229 1958 3293 voco,
2003 3215 2065 3277 et
2107 3211 2177 3275 id
2218 3210 2556 3292 honestum,
2603 3210 2776 3294 quod
2821 3210 3136 3291 homines,

518 3299 632 3381 qui
692 3315 776 3362 ex
836 3297 1033 3363 ductu
1078 3297 1369 3363 Rationis
1414 3301 1661 3376 vivunt,
1704 3299 1988 3381 laudant,
2032 3304 2095 3365 et
2139 3299 2206 3364 id
2252 3304 2473 3364 contra
2517 3304 2716 3384 turpe,
2762 3299 2937 3382 quod
2982 3317 3134 3361 con-

516 3386 806 3450 ciliandae
866 3388 1162 3452 amicitiae
1219 3393 1550 3472 repugnat.
1612 3388 1851 3454 Praeter
1894 3388 2046 3472 haec,
2091 3390 2369 3454 civitatis
2415 3391 2607 3454 etiam
2656 3409 2739 3472 qu
2749 3407 2954 3452 senam
3004 3388 3137 3452 sint

515 3474 931 3540 fundamenta
998 3476 1264 3541 ostendi.
1306 3475 1679 3544 Differentia
1723 3477 1955 3544 deinde
1997 3479 2166 3542 inter
2209 3497 2423 3544 veram
2473 3480 2780 3542 virtutem
2825 3481 2889 3542 et
2931 3477 3135 3559 impo-

515 3565 779 3629 tentiam
821 3563 1008 3630 facile
1051 3583 1137 3630 ex
1182 3584 1377 3649 supra
1423 3567 1609 3631 dictis
1655 3567 2034 3651 percipitur;
2082 3584 2313 3651 nempe
2350 3566 2525 3650 quod
2563 3585 2714 3632 vera
2738 3567 2945 3630 virtus
2969 3565 3134 3628 nihil

516 3653 690 3717 aliud
737 3653 838 3735 sit,
883 3673 1077 3737 quam
1124 3672 1208 3719 ex
1252 3655 1389 3719 solo
1433 3654 1724 3721 Rationis
1769 3655 1970 3720 ductu
2018 3656 2265 3737 vivere;
2315 3660 2511 3741 atque
2556 3656 2713 3720 adeo
2758 3655 3137 3739 impotentia

515 3742 584 3805 in
630 3742 751 3806 hoc
797 3743 932 3807 solo
978 3744 1287 3825 consistit,
1335 3745 1506 3828 quod
1550 3746 1740 3809 homo
1784 3764 1823 3808 a
1867 3742 2080 3826 rebus,
2125 3763 2269 3829 quae
2316 3751 2498 3809 extra
2534 3746 2748 3828 ipsum
2788 3748 2960 3825 sunt,
2981 3743 3136 3807 duci

517 3848 586 3895 se
639 3832 935 3915 patiatur,
980 3836 1044 3895 et
1085 3831 1164 3896 ab
1210 3833 1291 3897 iis
1337 3832 1417 3896 ad
1463 3851 1538 3897 ea
1583 3833 1907 3918 agendum
1954 3832 2429 3916 determinetur,
2475 3853 2621 3917 quae
2665 3851 2881 3897 rerum
2925 3837 3134 3898 exter-

514 3938 747 3984 narum
807 3922 1167 3985 communis
1229 3922 1620 4003 constitutio,
1664 3941 1795 3986 non
1857 3925 2072 3987 autem
2120 3940 2212 4005 ea,
2259 3941 2403 4005 quae
2450 3923 2589 4006 ipsa
2632 3923 2839 4005 ipsius
2888 3926 3135 4001 natura,

513 4010 583 4071 in
649 4027 718 4074 se
778 4009 913 4073 sola
957 4008 1370 4092 considerata,
1417 4010 1709 4093 postulat.
1752 4011 1971 4093 Atque
2016 4011 2152 4074 hoec
2194 4010 2307 4074 illa
2351 4017 2523 4092 sunt,
2570 4029 2715 4094 quae
2762 4012 2832 4073 in
2878 4008 3133 4074 Scholio

512 4095 977 4180 Propositionis
1026 4098 1126 4160 18.
1170 4098 1367 4181 hujus
1411 4097 1621 4164 Partis
1667 4100 2104 4165 demonstrare
2148 4100 2433 4184 promisi,
2470 4118 2555 4165 ex
2594 4098 2834 4183 quibus
2856 4102 3135 4183 apparet,

512 4184 716 4268 legem
761 4186 935 4249 illam
983 4184 1062 4251 de
1106 4205 1237 4250 non
1287 4187 1638 4252 mactandis
1682 4187 1891 4252 brutis
1939 4190 2145 4272 magis
2190 4208 2357 4252 vana
2395 4190 2851 4273 superstitione
2889 4194 2952 4251 et
2990 4208 3135 4251 mu-

512 4272 696 4337 liebri
767 4274 1213 4357 misericordia,
1274 4294 1468 4359 quam
1513 4295 1668 4341 sana
1711 4276 1984 4342 Ratione
2028 4277 2361 4342 fundatam
2409 4296 2568 4343 esse.
2616 4276 2818 4342 Docet
2865 4277 3129 4361 quidem

511 4363 672 4426 ratio
753 4367 1046 4427 nostrum
1127 4364 1285 4429 utile
1355 4365 1684 4448 quaerendi
1707 4366 1777 4449 ⁹),
1845 4366 2385 4431 necessitudinem
2419 4363 2469 4450 ³)
2539 4386 2687 4431 cum
2759 4364 3133 4430 hominibus

577 4567 634 4633 1)
670 4568 762 4619 Ed.
799 4568 916 4620 Pr..
952 4570 1109 4635 cujus
1141 4572 1321 4625 cau-sd.

577 4634 634 4699 2)
666 4636 816 4686 Vers.
868 4636 1010 4701 Belg.
1060 4639 1194 4688 ratio
1243 4643 1491 4690 nostrum
1545 4641 1680 4691 utile
1714 4643 2006 4706 quaerendi,
2040 4642 2535 4708 necessitudinem„
2588 4680 2602 4694 .
2623 4681 2637 4695 .
2677 4645 2748 4694 cf.
2782 4643 2924 4693 infra
2958 4641 3135 4694 Schol.

513 4701 583 4752 Pr
556 4716 667 4765 ro.p
700 4701 783 4754 10.
816 4717 867 4766 p.
901 4702 949 4754 5.
1002 4730 1068 4739 —
1117 4703 1374 4772 Schmidt,
1423 4708 1722 4772 Auci-bach,
1775 4709 1842 4757 Ki
1845 4709 2139 4761 rchmann:
2174 4710 2345 4774 Ratio,
2385 4715 2630 4761 nostrum
2667 4710 2801 4761 utile
2837 4712 3133 4774 quaerendi

513 4769 687 4830 causa,
722 4769 1043 4820 necessitudi
1048 4784 1173 4820 nem
1207 4786 1356 4823 cum.

577 4834 634 4902 3)
669 4806 755 4886 'Sai
758 4841 900 4887 sset:
930 4834 1115 4902 Ratio,
1144 4844 1314 4890 nostr.
1349 4845 1429 4891 ut.
1464 4855 1553 4906 qu.
1589 4854 1698 4893 neo.
1730 4854 1829 4893 nos
1861 4856 1981 4894 cum
2017 4840 2322 4896 hominibus
2341 4843 2595 4912 jungere.
