3609 5642
1579 570 1662 615 mn
1705 571 1924 616 mm.
2987 553 3072 616 47

443 735 818 815 dicendum3
881 734 1169 819 adeoque
1229 736 1677 819 cuiuscunque
1735 737 1933 820 partis
1996 735 2243 821 Corpus
2288 738 2641 802 humanum
2691 757 3074 822 componen-

442 826 527 888 tis
593 825 873 907 cognitio
939 825 1007 887 in
1077 822 1215 889 Deo
1274 830 1388 906 est,
1450 832 1771 909 quatenus
1832 826 2128 910 plurimis
2186 845 2403 906 rerum
2441 827 2605 892 ideis
2649 827 2914 893 affectus
2960 834 3075 911 est,

443 919 506 978 et
571 932 700 977 non
772 923 1093 996 quatenus
1154 912 1452 998 Corporis
1499 915 1765 978 humani
1794 920 2066 996 =tantum
2114 914 2303 980 habet
2347 915 2573 998 ideam,
2617 917 2738 980 hoc
2784 925 2880 982 est
2926 922 3075 998 (per

444 1001 637 1081 Prop.
701 1001 806 1065 13.
865 1000 1081 1085 hujus)
1146 1003 1374 1078 ideam,
1443 1022 1591 1087 quae
1659 1005 1963 1067 humanae
2032 1003 2267 1069 Mentis
2338 1010 2630 1069 naturam
2702 1008 3072 1086 constituit3

443 1096 636 1175 atque
680 1092 838 1156 adeo
883 1094 1031 1174 (per
1081 1090 1298 1156 Coroll.
1346 1091 1541 1172 Prop.
1587 1091 1691 1155 11.
1730 1091 1944 1176 hujus)
1984 1093 2278 1157 humana
2303 1093 2485 1159 Mens
2523 1096 2797 1178 partium
2827 1095 3075 1180 Corpus

445 1182 800 1245 humanum
847 1183 1367 1264 componentium
1409 1182 1817 1265 adaequatam
1855 1184 2284 1266 cognitionem
2326 1202 2455 1246 non
2479 1184 2766 1248 involvit.
2796 1183 2865 1263 Q.
2888 1183 2964 1249 E.
2990 1183 3072 1250 D.

1253 1316 1955 1384 PROPOSITIO
2045 1319 2263 1384 XXV.

530 1429 687 1495 Idea
751 1431 1173 1516 cujuscunque
1238 1431 1596 1515 affectionis
1666 1430 1959 1517 Corporis
2017 1432 2283 1498 humani
2340 1434 2740 1521 adaequatam
2800 1437 3074 1517 corporis

444 1521 687 1584 externi
731 1519 1137 1606 monitionem
1179 1539 1307 1585 non
1350 1520 1620 1586 involvit.

1393 1654 2122 1700 DEMONSTRATIQ
2721 1722 2726 1725 Α

527 1733 745 1799 Ideam
790 1735 1143 1799 affectionis
1193 1733 1491 1819 Corporis
1535 1736 1804 1800 humani
1850 1742 2116 1802 eatenus
2162 1739 2445 1821 corporis
2482 1738 2733 1802 externi
2774 1742 3070 1803 naturam

441 1823 772 1888 involvere
817 1825 1216 1889 ostendimus
1261 1824 1421 1904 (vide
1466 1824 1660 1909 Prop.
1707 1825 1811 1888 16.
1847 1824 2078 1910 hujus),
2117 1832 2437 1910 quatenus
2475 1833 2815 1892 externum
2853 1829 3068 1912 ipsum

443 1912 795 1977 humanum
842 1912 1089 1997 Corpus
1135 1918 1308 1978 certo
1357 1914 1635 1998 quodam
1684 1915 1873 1979 modo
1921 1916 2314 1981 determinat.
2361 1918 2449 1980 At
2495 1921 2815 2000 quatenus
2861 1923 3071 1983 exter-

441 2021 599 2065 num
645 2021 879 2086 corpus
923 2002 1343 2067 Individuum
1391 2008 1506 2084 est,
1553 2003 1727 2087 quod
1773 2004 1853 2068 ad
1901 2004 2148 2089 Corpus
2195 2006 2551 2070 humanum
2600 2025 2730 2069 non
2778 2006 3073 2089 refertur,

443 2092 581 2173 ejus
628 2090 772 2155 idea
815 2093 953 2157 sive
997 2093 1276 2176 cognitio
1321 2095 1389 2155 in
1438 2091 1573 2157 Deo
1620 2098 1719 2157 est
1754 2096 1903 2177 (per
1940 2093 2134 2177 Prop.
2177 2095 2234 2158 9.
2272 2093 2509 2178 hujus),
2547 2100 2866 2179 quatenus
2893 2094 3070 2161 Deus

442 2180 705 2244 affectus
777 2181 1218 2246 consideratur
1278 2182 1541 2247 alterius
1602 2184 1694 2246 rei
1738 2183 1900 2264 idea,
1948 2202 2096 2266 quae
2144 2186 2289 2267 (per
2332 2183 2522 2268 Prop.
2571 2184 2631 2248 7.
2674 2182 2885 2268 hujus)
2929 2186 3069 2269 ipso

442 2288 704 2353 corpore
771 2276 1037 2335 externo
1107 2272 1281 2354 prior
1349 2277 1446 2336 est
1513 2274 1760 2335 natura.
1832 2270 2043 2348 Quare
2111 2275 2393 2356 corporis
2438 2275 2690 2339 externi
2736 2273 3071 2358 adaequata

443 2359 722 2441 cognitio
789 2360 858 2422 in
920 2357 1057 2424 Deo
1104 2379 1234 2423 non
1280 2364 1396 2441 est,
1444 2365 1764 2443 quatenus
1810 2362 2015 2426 ideam
2065 2361 2416 2426 affectionis
2463 2363 2730 2426 humani
2776 2362 3070 2447 Corporis

443 2446 649 2529 habet,
695 2447 833 2513 sive
873 2448 1017 2513 idea
1063 2449 1414 2513 affectionis
1454 2448 1751 2533 Corporis
1791 2451 2056 2514 humani
2082 2450 2486 2535 adaequatam
2512 2454 2795 2535 corporis
2819 2455 3069 2518 externi

445 2538 874 2621 cognitionem
923 2556 1052 2600 non
1100 2538 1390 2602 involvit.
1441 2536 1508 2616 Q,
1556 2537 1637 2603 Ε.
1682 2537 1768 2604 D.

1232 2674 1930 2741 PROPOSITIO
2023 2676 2270 2741 XXVI.

528 2787 719 2852 Mens
763 2787 1048 2852 humana
1087 2787 1335 2852 nullum
1378 2808 1604 2869 eorpus
1647 2794 1971 2854 externum
2015 2797 2088 2854 ut
2130 2794 2280 2855 actu
2321 2789 2593 2854 existens
2625 2787 2908 2873 percipit,
2930 2790 3062 2854 nisi

440 2895 555 2960 per
599 2877 773 2941 ideas
817 2877 1218 2962 affectionum
1261 2878 1365 2941 sui
1410 2876 1718 2961 Corporis.

878 3030 884 3035 -
1398 3010 2115 3056 nnnoxsrnxr1o

528 3090 596 3156 Si
641 3112 678 3155 a
722 3110 985 3176 corpore
1028 3092 1246 3175 aliquo
1292 3098 1560 3157 externo
1607 3091 1855 3177 Corpus
1901 3094 2257 3157 humanum
2305 3093 2486 3156 nullo
2535 3092 2723 3156 modo
2770 3093 3066 3158 affectum

438 3186 567 3260 est;
638 3199 789 3265 ergo
859 3185 1005 3263 (per
1050 3179 1241 3264 Prop.
1290 3180 1349 3244 7.
1395 3180 1611 3265 hujus)
1683 3201 1803 3247 nec
1871 3181 2014 3247 idea
2075 3182 2373 3266 Corporis
2434 3182 2723 3263 humani,
2785 3183 2905 3246 hoc
2967 3187 3067 3252 est

440 3273 587 3353 (per
631 3268 825 3353 Prop.
872 3269 974 3333 13.
1022 3268 1234 3353 hujus)
1274 3289 1394 3335 nec
1438 3269 1623 3335 Mens
1660 3271 1964 3354 humana,
1998 3272 2142 3337 idea
2179 3272 2541 3336 existentiae
2580 3270 2757 3334 illius
2781 3272 3065 3354 corporis

437 3359 569 3422 ullo
636 3361 826 3423 etiam
896 3359 1084 3423 modo
1153 3359 1377 3423 affecta
1443 3365 1557 3442 est,
1616 3361 1754 3425 sive
1802 3361 2211 3426 existentiam
2256 3361 2436 3425 illius
2482 3361 2764 3443 corporis
2813 3363 3066 3425 externi

439 3447 570 3512 ullo
639 3447 827 3511 modo
896 3449 1179 3532 percipit.
1240 3449 1328 3512 At
1387 3455 1707 3532 quatenus
1755 3448 2002 3534 Corpus
2047 3451 2404 3514 humanum
2452 3469 2490 3512 a
2535 3467 2799 3533 corpore
2846 3450 3064 3533 aliquo

440 3541 704 3602 externo
750 3537 966 3620 aliquo
1015 3537 1203 3601 modo
1250 3537 1542 3620 afficitur,
1587 3543 1854 3603 eatenus
1906 3539 2055 3621 (per
2099 3538 2291 3623 Prop.
2334 3538 2437 3601 16.
2462 3536 2657 3620 hujus
2678 3557 2817 3602 eum
2844 3536 3064 3603 Coroll.

440 3626 735 3710 ejusdem)
783 3645 1016 3710 corpus
1060 3631 1400 3691 externum
1449 3628 1733 3711 percipit.
1785 3626 1855 3706 Q.
1901 3627 1977 3692 E.
2023 3625 2107 3694 D.

1429 3759 2089 3806 coROLLARIUM.

527 3838 858 3915 Quatenus
902 3839 1086 3905 Mens
1131 3839 1413 3904 humana
1432 3854 1437 3859 “
1459 3859 1690 3924 corpus
1738 3846 2076 3920 externum
2127 3842 2535 3926 imaginatur,
2579 3846 2846 3906 eatenus
2894 3840 3067 3905 adae-

440 3934 698 4012 quatam
748 3931 887 4012 ejus
932 3929 1358 4011 cognitionem
1406 3948 1536 3992 non
1583 3929 1788 3995 habet.

1402 4062 2116 4108 DEMONSTRATIO.

526 4141 686 4207 Cum
751 4142 936 4207 Mens
981 4143 1262 4206 humana
1306 4161 1420 4226 per
1463 4143 1640 4207 ideas
1685 4143 2094 4208 affectionum
2143 4144 2247 4208 sui
2295 4142 2595 4228 Corporis
2642 4163 2905 4227 corpora
2952 4163 3062 4209 ex-

436 4237 616 4296 terna
684 4232 1166 4314 contemplatur,
1214 4231 1480 4297 eandem
1528 4238 1665 4296 tum
1715 4234 2053 4318 imaginari
2106 4232 2382 4296 dicimus
2422 4232 2583 4311 (vide
2628 4231 2821 4298 Schol.
2869 4232 3061 4314 Prop.

438 4320 540 4384 17.
585 4319 834 4404 hujus);
884 4338 1003 4384 nec
1050 4320 1235 4386 Mens
1281 4321 1405 4385 alia
1448 4324 1696 4385 ratione
1742 4323 1888 4402 (per
1933 4321 2127 4405 Prop.
2172 4321 2454 4406 proeoed.)
2495 4340 2760 4407 corpora
2798 4329 3063 4387 externa

435 4417 512 4473 ut
555 4414 701 4474 actu
748 4411 1091 4475 existentia
1136 4412 1476 4493 imaginari
1521 4416 1745 4496 potest.
1791 4411 2012 4495 Atque
2058 4411 2215 4476 adeo
2262 4416 2412 4492 (per
2456 4410 2644 4499 Prop.
2691 4412 2795 4474 25.
2831 4411 3064 4496 hujus),

438 4504 756 4582 quatenus
818 4498 1003 4563 Mens
1058 4518 1321 4583 corpora
1368 4505 1634 4564 externa
1679 4501 2088 4585 imaginatur,
2131 4519 2355 4565 eorum
2395 4500 2798 4584 adaequatam
2845 4503 3063 4586 cogni-

436 4590 676 4653 tionem
722 4607 854 4651 non
901 4588 1105 4653 habet.
1157 4587 1225 4668 Q.
1273 4587 1354 4653 E.
1400 4585 1482 4653 D.

1218 4724 1917 4791 PROPOSITIO
2007 4726 2291 4792 XXVII.

523 4825 677 4891 Idea
745 4825 1167 4911 cujuscunque
1224 4825 1570 4906 affectionis
1616 4825 1919 4907 Corporis
1959 4826 2224 4893 humani
2266 4827 2664 4915 adoequatam
2707 4827 2905 4909 ipsius
2940 4824 3063 4892 'hu-

437 4916 616 4981 mum'
660 4913 960 5000 Corporis
1003 4916 1406 4999 coynitionem
1449 4935 1577 4981 non
1618 4915 1890 4982 involvit.
