3609 5642
472 524 560 586 48
1525 541 1773 586 minens
1817 541 1971 587 uns
2015 541 2077 586 11.

1430 727 2136 774 DEMONSTRATIQ

564 806 878 884 Quaelibet
914 808 1059 873 idea
1094 810 1543 892 cuiuscunque
1580 809 1930 875 affectionis
1966 810 2233 874 humani
2272 808 2568 892 Corporis
2607 814 2874 875 eatenus
2911 814 3099 875 natu-

472 916 608 961 ram
655 897 953 982 Corporis
999 898 1265 961 humani
1308 899 1603 981 involvit,
1649 904 1967 982 quatenus
2012 899 2224 982 ipsum
2269 899 2625 963 humanum
2651 899 2901 984 Corpus
2926 906 3098 965 certo

477 986 754 1069 quodam
815 986 1005 1051 modo
1069 985 1237 1050 affici
1284 986 1727 1052 consideratur
1769 987 1932 1066 (vide
1975 986 2167 1071 Prop.
2215 987 2317 1051 16.
2365 986 2597 1072 hujus).
2642 991 2733 1054 At
2780 994 3100 1073 quatenus

476 1074 723 1160 Corpus
768 1075 1123 1140 humanum
1169 1075 1590 1140 Individuum
1639 1081 1753 1159 est,
1801 1077 1976 1161 quod
2023 1077 2246 1142 multis
2285 1078 2430 1142 aliis
2453 1079 2662 1143 modis
2685 1077 2853 1143 affici
2877 1083 3103 1163 potest,

476 1165 617 1248 ejus
660 1165 822 1248 idea,
867 1170 983 1230 etc.
1041 1162 1182 1231 Via.
1227 1163 1544 1230 Demonst.
1591 1164 1782 1246 Prop.
1830 1166 1936 1230 25.
1982 1164 2191 1250 huju&

1232 1300 1932 1367 PROPOSITIO
2025 1302 2345 1368 XXVIII.

567 1416 735 1481 Ideae
801 1415 1193 1496 affectionum
1256 1413 1550 1501 Corporis
1606 1415 1887 1499 humani,
1946 1422 2259 1498 quatenus
2304 1417 2393 1482 ad
2434 1416 2780 1482 humanam
2824 1417 3102 1482 Mentem

475 1510 725 1571 tantum
769 1505 1155 1590 referuntur,
1199 1523 1326 1571 non
1358 1511 1518 1570 ’aunt
1561 1505 1754 1571 claroe
1797 1510 1858 1571 ct
1900 1506 2229 1590 distinctae,
2273 1507 2382 1572 sad
2423 1507 2724 1591 confusae.

1426 1637 2151 1685 DEMONSTRATIO.

563 1720 735 1786 Ideae
781 1721 956 1785 enim
1000 1720 1407 1785 affectionum
1457 1719 1753 1805 Corporis
1799 1721 2067 1786 humani
2112 1727 2243 1786 tam
2289 1740 2630 1806 corporum
2672 1724 3109 1810 externorum,

479 1830 672 1894 quam
717 1811 922 1893 ipsius
967 1809 1233 1874 humani
1277 1809 1573 1894 Corporis
1620 1814 1917 1875 naturam
1957 1811 2301 1875 involvunt
2338 1814 2359 1891 (
2370 1830 2489 1890 par
2511 1809 2701 1890 Prop.
2726 1809 2831 1873 16.
2854 1804 3104 1893 hujus);

477 1918 598 1964 nec
657 1904 909 1964 tantum
970 1898 1264 1983 Corporis
1310 1900 1597 1981 humani,
1642 1900 1755 1964 sed
1800 1900 1942 1982 ejus
1987 1902 2178 1965 etiam
2224 1901 2504 1984 partium
2551 1905 2849 1964 naturam
2894 1899 3105 1963 invol-

479 2007 628 2053 vere
675 1988 940 2067 debent3
990 1988 1354 2054 affectiones
1401 2007 1682 2071 namque
1727 1988 1903 2053 modi
1944 1994 2098 2054 sunt
2133 1996 2282 2074 (per
2304 1988 2477 2053 Post.
2504 1989 2606 2073 3.),
2630 1988 2870 2072 quibus
2893 1993 3103 2073 partes

480 2076 779 2162 Corporis
826 2078 1111 2161 humani,
1155 2083 1219 2142 et
1262 2083 1733 2161 consequenter
1777 2082 1983 2142 totum
2025 2077 2271 2163 Corpus
2309 2077 2600 2143 afficitur.
2625 2080 2715 2143 At
2739 2081 2885 2162 (per
2910 2076 3106 2156 Prop.

480 2166 584 2231 24.
631 2173 688 2232 et
732 2167 835 2231 25.
881 2166 1090 2252 hujus)
1151 2185 1489 2251 corporum
1537 2171 1957 2232 externorum
2001 2168 2341 2252 adaequata
2387 2169 2687 2252 cognitio,
2736 2176 2809 2232 ut
2853 2173 2916 2232 et
2960 2186 3105 2251 par-

482 2257 646 2321 tium
701 2255 950 2341 Corpus
997 2256 1354 2321 humanum
1400 2258 1944 2340 componentium,
1987 2257 2056 2320 in
2102 2255 2239 2323 Deo
2282 2276 2413 2322 non
2460 2261 2577 2340 est,
2623 2262 2941 2340 quatenus
2986 2256 3107 2320 hu-

484 2365 677 2410 mana
721 2344 956 2428 Mente,
1000 2346 1112 2411 sed
1160 2351 1480 2429 quatenus
1527 2346 1671 2409 aliis
1716 2345 1880 2411 ideis
1927 2346 2190 2411 affectus
2239 2347 2698 2411 consideratur.
2745 2345 2911 2410 Sunt
2956 2363 3108 2429 ergo

482 2435 583 2498 hae
652 2434 1063 2500 affectionum
1123 2434 1306 2518 ideae,
1367 2439 1686 2518 quatenus
1725 2434 1806 2499 ad
1852 2435 2052 2500 solam
2101 2436 2449 2500 humanam
2494 2435 2775 2500 Mentem
2822 2434 3107 2500 referun-

482 2529 607 2607 tur,
669 2524 871 2589 veluti
931 2525 1412 2608 consequentiae
1460 2523 1709 2608 absque
1752 2525 2125 2608 praemissis,
2168 2526 2290 2590 hoc
2335 2531 2433 2590 est
2476 2528 2571 2605 (ut
2608 2544 2724 2606 per
2768 2544 2831 2589 se
2873 2525 3109 2605 notum)

481 2614 646 2678 ideae
693 2613 1000 2679 confusae.
1051 2611 1119 2691 Q.
1166 2611 1247 2677 Ε.
1293 2611 1375 2677 D.

1563 2720 2031 2767 SGHOLIUM.

571 2803 742 2886 Idea,
802 2823 951 2887 quae
997 2807 1295 2868 naturam
1342 2803 1576 2869 Mentis
1624 2804 1925 2868 humanae
1972 2804 2323 2881 constituit,
2369 2804 2841 2868 demonstratur
2885 2801 3110 2867 eodem

483 2892 674 2956 modo
742 2912 870 2956 non
941 2911 1099 2975 esse,
1165 2894 1235 2956 in
1298 2912 1367 2958 se
1428 2892 1564 2958 sola.
1624 2892 2040 2975 considerata,
2087 2893 2255 2957 clara
2301 2897 2362 2957 et
2410 2893 2745 2973 distincta3
2797 2895 2869 2956 ut
2912 2893 3108 2956 etiam

482 2981 628 3046 idea
694 2981 928 3046 Mentis
983 2982 1303 3062 humanae,
1361 2986 1426 3046 et
1482 2982 1644 3046 ideae
1690 2980 1978 3046 idearum
2023 2981 2428 3046 affectionum
2477 2981 2773 3065 Corporis
2818 2980 3109 3062 humani,

483 3076 802 3225 quatenuts
859 3071 945 3224 ¹ad
1015 3072 1215 3136 solam
1281 3069 1563 3135 Mentem
1625 3069 2007 3153 referuntur,
2054 3071 2230 3155 quod
2276 3073 2733 3156 unusquisque
2777 3069 2965 3133 facile
3010 3070 3110 3132 vi-

530 3178 636 3224 ere
679 3180 761 3245 po
790 3179 858 3225 es
887 3206 902 3223 .

1279 3282 1980 3351 PROPOSITIO
2071 3283 2325 3349 XXIX.

575 3397 731 3464 Idea
795 3398 952 3464 ideae
1009 3418 1440 3487 cuyuscunque
1498 3418 1536 3464 α
1540 3397 1850 3482 ffcctwms
1897 3396 2192 3483 Corporis
2235 3398 2500 3464 humani
2542 3397 2943 3482 adoequatam
2987 3394 3109 3461 hu-

486 3507 694 3553 manae
735 3487 980 3554 Mentis
1025 3489 1427 3573 vomitionem
1470 3506 1602 3553 non
1647 3485 1918 3553 involvit.

1441 3620 2158 3666 DRMONSTRATIQ

576 3700 729 3768 Idea
795 3704 967 3768 enim
1031 3703 1381 3768 affectionis
1442 3701 1741 3786 Corporis
1787 3703 2054 3766 humani
2100 3704 2247 3786 (per
2293 3700 2487 3785 Prop.
2534 3700 2638 3763 27.
2682 3698 2893 3783 hujus)
2940 3698 3115 3763 adae-

491 3796 750 3875 quatam
817 3794 1022 3876 ipsius
1081 3791 1378 3876 Corporis
1439 3792 1870 3875 cognitionem
1930 3810 2063 3854 non
2110 3791 2399 3874 involvit,
2445 3792 2582 3855 sive
2627 3791 2768 3872 ejus
2813 3793 3112 3852 naturam

489 3880 825 3964 adaequate
890 3900 1020 3945 non
1090 3882 1423 3966 exprimit3
1498 3881 1616 3945 hoc
1678 3886 1775 3946 est
1837 3884 1984 3964 (per
2028 3878 2225 3963 Prop.
2269 3879 2373 3943 13.
2420 3877 2653 3963 hujus),
2698 3898 2845 3942 cum
2882 3881 3117 3942 natura

489 3968 725 4034 Mentis
794 3989 924 4034 non
986 3971 1287 4035 convenit
1346 3971 1712 4053 adaequate3
1762 3969 2052 4054 adeoque
2092 3973 2240 4050 (per
2285 3968 2532 4033 Aoeiom
2580 3967 2639 4032 6.
2679 3986 2742 4047 p.
2790 3966 2873 4047 1.)
2919 3968 3116 4049 hujus

490 4059 653 4123 ideae
699 4060 842 4124 idea
887 4059 1221 4144 adaequate
1266 4059 1568 4124 humanae
1615 4056 1851 4124 Mentis
1897 4063 2192 4123 naturam
2241 4076 2371 4122 non
2410 4057 2728 4143 exprimit,
2767 4059 2910 4122 sive
2945 4056 3115 4120 adae-

494 4153 750 4232 quatam
799 4150 938 4231 ejus
983 4149 1408 4234 cognitionem
1456 4167 1589 4212 non
1635 4149 1924 4213 involvit.
1977 4146 2046 4226 Q.
2089 4145 2171 4211 E.
2217 4145 2300 4212 D.

1475 4279 2132 4326 GOROLLARIUM

580 4359 753 4426 Hinc
817 4361 1127 4445 sequitur,
1192 4361 1472 4427 Mentem
1543 4362 1908 4436 humanam,
1978 4362 2228 4446 quoties
2296 4380 2379 4426 ex
2448 4361 2775 4424 communi
2843 4357 3111 4423 Naturae

494 4450 717 4515 ordine
782 4469 884 4514 res
951 4452 1232 4536 percipit,
1298 4470 1418 4516 nec
1481 4451 1586 4516 sui
1644 4453 1869 4535 ipsius,
1914 4470 2033 4516 nec
2095 4452 2199 4515 sui
2245 4449 2562 4534 Corporis,
2608 4468 2728 4514 nec
2773 4466 3112 4532 corporum

495 4543 909 4604 externorum
977 4540 1397 4625 adaequatam,
1465 4541 1578 4605 sed
1647 4540 1982 4606 confusam
2049 4545 2301 4604 tantum
2364 4544 2426 4604 et
2472 4538 2835 4603 mutilatam
2883 4536 3117 4601 habere

493 4630 939 4713 cognitionem.
1006 4628 1175 4697 Nam
1231 4629 1418 4695 Mens
1464 4648 1535 4695 se
1577 4631 1784 4714 ipsam
1830 4648 1962 4694 non
2009 4630 2353 4715 cognoscit,
2398 4628 2527 4693 nisi
2573 4631 2893 4711 quatenus
2935 4626 3118 4692 ideas

497 4717 905 4783 affectionum
981 4717 1276 4804 Corporis
1342 4719 1614 4804 percipit
1679 4723 1701 4800 (
1711 4738 1830 4805 per
1892 4717 2089 4798 Prop.
2133 4718 2237 4782 23.
2282 4716 2515 4802 hujus).
2584 4715 2831 4802 Corpus
2897 4719 3118 4780 autem

498 4827 692 4872 suum
763 4808 908 4889 (per
953 4805 1147 4888 Prop.
1194 4807 1297 4872 19.
1342 4807 1556 4892 hujus)
1617 4827 1746 4872 non
1810 4808 2097 4892 percipit,
2141 4807 2268 4872 nisi
2328 4826 2444 4891 per
2487 4810 2661 4890 ipsas
2706 4805 3119 4872 affectionum

496 4896 692 4980 ideas,
756 4916 872 4982 per
942 4916 1103 4981 quas
1164 4898 1354 4983 etiam
1400 4902 1654 4963 tantum
1701 4900 1721 4978 (
1729 4917 1848 4982 par
1892 4895 2088 4979 Prop.
2131 4896 2235 4961 26.
2280 4894 2496 4980 hujus)
2541 4914 2805 4981 corpora
2849 4899 3121 4959 externa
