3609 5642
568 532 695 596 146
1599 549 1848 595 sermons
1892 548 2047 594 uns
2090 549 2175 595 Π.

560 717 857 803 Corporis
903 720 1147 801 partem
1194 717 1522 798 referatur,
1567 718 1868 801 cupimus
1915 735 2066 801 ergo
2110 717 2494 800 plerumque
2537 721 2831 781 nostrum
2872 734 3013 781 esse
3037 735 3189 781 con-

559 826 830 889 servare,
894 806 1073 870 nulla
1141 805 1356 870 habita
1423 808 1670 871 ratione
1735 807 2007 889 integrae
2075 810 2313 870 nostrae
2376 806 2796 885 valetudinis3
2867 806 2945 869 ad
3009 806 3185 889 quod

557 897 818 978 accedit,
885 895 1056 980 quod
1127 893 1542 979 Cupiditates,
1588 893 1830 979 quibus
1878 896 2159 959 maxime
2203 900 2501 959 tenemur
2546 899 2680 979 (per
2727 893 2945 960 Coroll.
2990 894 3184 973 Prop.

558 987 616 1050 9.
661 984 894 1069 hujus),
938 985 1237 1068 temporis
1282 989 1532 1049 tantum
1578 985 1934 1069 praesentis,
1975 1002 2107 1048 non
2130 989 2346 1048 autem
2367 984 2570 1048 futuri
2595 983 2831 1048 habent
2854 986 3183 1047 rationem.

1396 1119 2095 1187 PROPOSITIO
2185 1120 2355 1185 LXI.

652 1235 998 1323 Cupiditas,
1039 1255 1183 1322 quoe
1224 1256 1299 1300 ex
1342 1235 1614 1301 Ratione
1657 1236 1887 1318 oritur,
1931 1254 2244 1299 excessum
2287 1234 2512 1301 habere
2553 1235 2788 1322 nequ-it.

1511 1367 2229 1413 DEMONSTRATIQ

649 1450 981 1536 Cupiditas
1026 1453 1160 1536 (per
1205 1450 1264 1515 1.
1309 1448 1526 1530 Affect.
1572 1448 1829 1532 Defin.),
1864 1449 2157 1515 absolute
2180 1450 2599 1531 considerata,
2625 1455 2724 1515 est
2746 1450 2887 1534 ipsa
2911 1450 3189 1514 hominis

559 1542 853 1623 essentia,
899 1546 1217 1624 quatenus
1266 1558 1659 1623 quocunque
1727 1539 1916 1603 modo
1963 1538 2381 1605 determinata
2420 1540 2779 1623 concipitur
2816 1540 2896 1603 ad
2944 1538 3187 1622 aliquid

558 1629 910 1713 agendum3
982 1630 1269 1713 adeoque
1340 1627 1688 1713 Cupiditas,
1757 1647 1907 1711 quse
1977 1646 2060 1692 ex
2128 1625 2400 1692 Ratione
2460 1628 2684 1709 oritur,
2744 1628 2864 1691 hoc
2912 1633 3008 1693 est
3052 1632 3186 1711 (per

558 1718 750 1804 Prop.
799 1718 858 1782 3.
899 1737 961 1798 p.
1010 1718 1092 1797 3.)
1161 1737 1310 1802 quse
1378 1719 1444 1781 in
1514 1716 1699 1782 nobis
1763 1719 2178 1801 ingeneratur
2224 1722 2543 1800 quatenus
2588 1719 2862 1800 agimuS,
2906 1723 3003 1782 est
3047 1719 3186 1800 ipsa

557 1808 834 1873 hominis
879 1809 1156 1872 essentia
1202 1827 1317 1872 seu
1365 1810 1613 1888 natura,
1659 1811 1980 1890 quatenus
2027 1805 2444 1870 determinata
2490 1807 2852 1890 concipitur
2888 1807 2968 1870 ad
2993 1824 3183 1890 agen-

557 1898 711 1962 dum
780 1915 872 1976 ea,
941 1915 1089 1981 quae
1158 1916 1270 1981 per
1339 1897 1539 1960 solam
1607 1896 1887 1959 hominis
1955 1896 2298 1959 essentiam
2345 1894 2685 1979 adaequate
2731 1896 3183 1979 concipiuntur

556 1991 692 2070 (per
734 1984 947 2068 Defin.
994 1987 1055 2049 2.
1092 2005 1158 2065 p.
1205 1984 1306 2063 3.).
1353 1984 1421 2049 Si
1467 1987 1686 2068 itaque
1730 1985 1871 2047 haec
1917 1983 2246 2068 Cupiditas
2292 2003 2631 2048 excessum
2676 1983 2909 2049 habere
2953 1989 3184 2068 posset,

557 2082 771 2159 posset
815 2093 963 2159 ergo
1007 2076 1287 2139 humana
1336 2078 1580 2156 natura,
1626 2076 1694 2137 in
1741 2092 1811 2139 se
1857 2074 1995 2138 sola
2039 2072 2457 2156 considerata,
2502 2092 2572 2138 se
2617 2075 2819 2157 ipsam
2862 2073 3185 2154 excedere,

560 2167 698 2229 sive
766 2165 913 2248 plus
985 2168 1199 2248 posset
1268 2182 1458 2247 quam
1528 2166 1755 2246 potest,
1823 2163 1996 2245 quod
2058 2161 2394 2227 manifesta
2454 2168 2552 2227 est
2611 2163 3059 2244 contradictio;
3110 2181 3182 2225 ac

560 2254 828 2339 proinde
873 2253 1012 2317 haec
1059 2252 1391 2337 Cupiditas
1438 2270 1777 2316 excessum
1826 2250 2059 2316 habere
2105 2251 2348 2336 nequit.
2397 2249 2465 2330 Q.
2513 2250 2593 2315 E.
2640 2249 2724 2317 D.

1375 2386 2075 2453 PROPOSITIO
2165 2387 2370 2452 LXII.

653 2502 974 2583 Quatenus
1039 2501 1234 2567 Mens
1300 2522 1375 2567 cx
1441 2502 1739 2568 Rationis
1796 2501 2128 2567 dictamine
2186 2523 2289 2566 res
2331 2502 2611 2587 concipit,
2657 2521 2829 2587 oeque
2872 2499 3186 2585 afficitur,

557 2595 681 2659 sive
724 2593 868 2658 idea
911 2593 996 2657 sit
1037 2591 1136 2657 rei
1182 2591 1427 2675 futuroe
1469 2591 1562 2657 vel
1595 2591 1961 2677 proetcritoe,
2004 2591 2130 2657 sive
2172 2592 2522 2676 praesentis.

1522 2724 2233 2771 DEMONSTRATIO.

648 2806 968 2891 Quicquid
1012 2805 1197 2871 Mens
1244 2807 1516 2871 ducente
1561 2805 1831 2871 Ratione
1876 2807 2170 2890 concipit,
2216 2806 2281 2870 id
2327 2826 2517 2871 omne
2562 2806 2684 2871 sub
2730 2805 2951 2871 eadem
3003 2812 3183 2870 eeter-

559 2898 775 2962 nitatis
835 2914 945 2961 seu
1013 2897 1407 2960 necessitatis
1454 2898 1663 2979 specie
1708 2897 1987 2979 concipit
2032 2899 2164 2979 (per
2213 2894 2431 2961 Coroll.
2477 2896 2537 2960 2.
2584 2895 2782 2976 Prop.
2829 2894 2935 2958 44.
2979 2915 3039 2974 p.
3085 2895 3187 2974 2.),

563 2985 915 3069 eademque
985 2984 1365 3049 certitudine
1432 2984 1709 3050 afficitur
1776 2990 1912 3065 (per
1981 2983 2169 3064 Prop.
2240 2985 2344 3047 43.
2409 3005 2470 3065 p.
2541 2985 2601 3056 2.
2662 2988 2722 3049 et
2764 2985 2901 3068 ejus
2947 2983 3184 3061 Schol.).

562 3072 791 3156 Quare,
857 3075 996 3138 sive
1062 3073 1206 3138 idea
1275 3076 1359 3138 sit
1417 3075 1510 3138 rei
1570 3074 1811 3139 futuree
1858 3073 1962 3138 vel
2008 3076 2369 3157 praeteritae,
2415 3076 2553 3138 sive
2599 3075 2952 3158 praesentis,
2999 3072 3184 3138 Mens

562 3162 777 3227 eadem
850 3164 1229 3227 necessitate
1294 3181 1429 3227 rem
1501 3164 1795 3247 concipit,
1863 3162 2214 3245 eademque
2281 3163 2666 3228 certitudine
2730 3162 3039 3241 afficitur3
3107 3167 3187 3241 et,

561 3253 697 3316 sive
741 3253 885 3316 idea
932 3253 1015 3316 sit
1057 3254 1151 3316 rei
1194 3252 1431 3315 futurae
1479 3252 1580 3316 vel
1627 3253 1990 3335 praeteritae,
2036 3253 2173 3316 sive
2218 3254 2572 3335 praesentiS,
2611 3252 2730 3317 erit
2766 3252 3187 3315 nihilominus

562 3360 749 3425 seque
795 3360 946 3406 vera
991 3343 1125 3425 (per
1171 3339 1365 3421 Prop.
1414 3339 1517 3404 41.
1561 3360 1620 3420 p.
1670 3341 1784 3421 2.);
1834 3340 1954 3403 hoc
2001 3345 2097 3404 est
2142 3345 2293 3427 (per.
2323 3338 2528 3421 Defin.
2578 3340 2637 3404 4.
2678 3359 2741 3423 p.
2788 3340 2890 3422 2.),
2929 3338 3188 3404 habebit

562 3430 981 3494 nihilominus
1052 3448 1302 3514 semper
1348 3429 1603 3494 easdem
1651 3429 1816 3494 ideae
1863 3429 2222 3513 adaequatae
2269 3432 2718 3513 proprietates3
2771 3434 2965 3511 atque
3011 3429 3188 3503 ade0,

562 3525 882 3603 quatenus
944 3518 1128 3583 Mens
1189 3537 1271 3582 ex
1322 3517 1615 3583 Rationis
1662 3518 2009 3583 dictamine
2051 3537 2154 3583 res
2200 3519 2495 3602 concipit,
2542 3519 2762 3582 eodem
2817 3518 3007 3581 modo
3053 3517 3189 3580 affi-

562 3610 745 3690 citur,
798 3610 936 3673 sive
995 3608 1136 3673 idea
1181 3609 1266 3672 sit
1309 3609 1403 3672 rei
1446 3607 1685 3671 futurae
1733 3608 1837 3672 vel
1881 3610 2238 3692 praeteritae,
2284 3609 2423 3672 sive
2467 3608 2817 3690 praesentis.
2870 3605 2938 3685 Q.
2985 3604 3062 3669 Ε.
3106 3603 3190 3668 D.

1647 3740 2122 3786 SCHOLIUM.

648 3820 718 3884 Si
788 3840 904 3885 nos
952 3821 1029 3885 de
1073 3839 1286 3885 rerum
1337 3821 1675 3887 duratione
1722 3823 2119 3906 adaequatam
2166 3822 2594 3905 cognitionem
2642 3820 2893 3901 habere,
2939 3836 3188 3883 earum-

563 3928 689 3992 que
757 3910 1074 3976 existendi
1145 3916 1429 3995 tempora
1486 3910 1758 3976 Ratione
1820 3912 2241 3992 determinare
2286 3928 2642 3994 possemuS,
2688 3910 2909 3974 eodem
2959 3908 3187 3973 affectu

559 4017 662 4063 res
729 3998 982 4063 futuras
1051 4019 1125 4063 ac
1193 4004 1538 4083 praesentes
1606 4001 2197 4083 contemplaremur,
2243 4006 2305 4063 et
2350 3999 2614 4081 bonum,
2663 3999 2837 4083 quod
2882 3995 3067 4061 Mens
3117 4001 3187 4060 ut

559 4086 852 4152 futurum
922 4089 1298 4171 conciperet,
1364 4089 1628 4174 perinde
1695 4107 1769 4152 ac
1837 4107 2117 4173 praesens
2186 4092 2526 4172 appeteret,
2596 4094 2660 4152 et
2719 4090 3187 4169 consequenter

561 4176 801 4241 bonum
872 4196 1153 4261 preesens
1223 4180 1440 4243 minus
1502 4197 1615 4260 pro
1663 4179 1888 4260 majori
1934 4178 2102 4242 bono
2146 4177 2366 4241 futuro
2412 4177 2771 4242 necessario
2817 4177 3187 4259 negligeret,

561 4271 623 4329 et
695 4265 867 4349 quod
935 4269 1004 4329 in
1073 4268 1372 4351 praesenti
1440 4265 1681 4330 bonum
1753 4270 1940 4348 esset,
2009 4266 2120 4330 sed
2190 4286 2383 4330 causa
2441 4266 2645 4331 futuri
2691 4266 2966 4347 alicujus
3016 4264 3188 4345 mali,

561 4355 824 4421 minime
892 4360 1228 4440 appeteret,
1298 4361 1371 4420 ut
1438 4374 1590 4420 mox
1660 4355 2258 4420 demonstrabimus.
2331 4354 2458 4419 Sed
2527 4374 2645 4419 nos
2708 4355 2786 4419 de
2847 4355 3185 4417 duratione

558 4462 770 4509 rerum
818 4447 950 4528 (per
993 4444 1189 4525 Prop.
1239 4445 1343 4508 31.
1384 4464 1447 4528 p.
1490 4445 1572 4525 2.)
1618 4464 1747 4509 non
1793 4446 1921 4508 nisi
1966 4444 2310 4508 admodum
2355 4444 2826 4526 inadaequatam
2875 4443 3183 4526 cognitio-

558 4552 705 4596 nem
777 4532 1009 4599 habere
1078 4552 1442 4618 possumuS,
1501 4539 1563 4598 et
1608 4553 1824 4598 rerum
1871 4533 2190 4598 existendi
2237 4539 2520 4617 tempora
2564 4539 2700 4617 (per
2744 4530 2939 4596 Schol.
2986 4530 3182 4610 Prop.

560 4620 662 4684 44.
727 4641 788 4705 p.
859 4622 943 4700 2.)
1012 4624 1148 4687 sola
1215 4625 1671 4707 imaginatione
1737 4625 2258 4705 determinamus,
2305 4641 2451 4706 quae
2498 4641 2627 4685 non
2676 4639 2863 4704 seque
2909 4619 3185 4684 afficitur

557 4713 838 4795 imagine
903 4712 995 4776 rei
1040 4713 1376 4796 praesentis
1422 4732 1497 4776 ac
1541 4712 1811 4791 futurae3
1864 4711 2036 4777 unde
2079 4711 2169 4795 fit,
2216 4718 2290 4775 ut
2333 4730 2487 4775 vera
2533 4710 2684 4774 boni
2729 4714 2792 4775 et
2839 4710 2991 4774 mali
3037 4728 3183 4792 cog-

559 4801 737 4883 nitio,
807 4820 1000 4884 quam
1071 4801 1398 4881 habemuS,
1458 4820 1588 4865 non
1652 4803 1781 4866 nisi
1827 4800 2110 4865 abtracta
2157 4802 2295 4865 sive
2340 4799 2723 4865 universalis
2769 4801 2869 4881 sit,
2916 4803 2978 4862 et
3016 4798 3184 4881 judi-

558 4891 752 4973 cium,
822 4890 994 4974 quod
1056 4890 1133 4954 de
1182 4909 1393 4954 rerum
1441 4890 1666 4955 ordine
1712 4894 1774 4955 et
1820 4909 2160 4956 causarum
2209 4908 2386 4954 nexu
2432 4889 2725 4973 facimus,
2771 4893 2845 4953 ut
2889 4887 3183 4952 determi-
