3609 5642
1591 530 1675 575 mn
1716 529 1935 575 mre.
2990 512 3077 575 43

450 717 714 782 corpora
772 700 1052 779 externa,
1098 717 1137 761 a
1195 695 1435 780 quibus
1485 694 1729 780 Corpus
1773 697 2129 761 humanum
2176 695 2473 762 affectum
2518 697 2713 762 semel
2759 696 2901 781 fuit,
2946 717 3078 763 non

450 789 747 869 existant,
806 785 991 852 Mens
1050 792 1267 850 tamen
1313 786 1534 851 eadem
1584 786 1771 850 toties
1820 790 1894 850 ut
1937 786 2278 869 praesentia
2322 785 2876 871 contemplabitur,
2921 806 3076 870 quo-

450 878 570 942 ties
613 876 753 939 haec
799 877 1083 960 corporis
1122 876 1287 940 actio
1332 879 1672 959 repetetur.
1723 873 1794 953 Q.
1840 873 1918 938 Ε.
1964 871 2051 939 D.

1535 1007 2009 1053 SCHOLIUM.

540 1089 853 1156 Videmus
919 1091 1141 1174 itaque
1209 1093 1327 1174 qui
1385 1089 1526 1155 fieri
1571 1092 1778 1173 potest
1824 1093 1899 1153 ut
1941 1106 2033 1172 ea,
2080 1105 2229 1172 quae
2275 1106 2406 1150 non
2454 1093 2625 1171 sunt,
2672 1090 2873 1154 veluti
2917 1108 3081 1173 prae-

453 1182 660 1245 sentia
703 1179 1235 1263 contemplemur,
1275 1183 1349 1244 ut
1395 1197 1569 1262 saepe
1612 1177 1703 1243 fit.
1748 1177 1833 1241 Et
1875 1177 2015 1242 fieri
2059 1179 2283 1261 potest,
2325 1182 2399 1240 ut
2435 1176 2557 1241 hoc
2597 1177 2742 1243 aliis
2766 1178 2845 1243 de
2867 1179 3082 1243 causis

453 1271 812 1353 contingat3
882 1267 996 1337 sed
1061 1269 1219 1332 mihi
1287 1268 1391 1331 hic
1454 1267 1696 1332 sufficit
1741 1266 2097 1332 ostendisse
2143 1285 2361 1348 unam,
2405 1284 2520 1351 per
2565 1286 2758 1350 quam
2802 1285 2934 1333 rem
2987 1268 3083 1330 sic

449 1359 694 1442 possim
722 1354 767 1439 1)
829 1357 1171 1442 explicare,
1231 1376 1305 1420 ac
1366 1357 1423 1421 si
1469 1358 1674 1440 ipsam
1720 1375 1835 1440 per
1883 1375 2100 1421 veram
2146 1374 2408 1420 causam
2454 1356 2913 1437 ostendissem,
2897 1379 2912 1392 ·
2962 1375 3083 1421 nec

453 1451 665 1512 tamen
713 1446 904 1511 credo
949 1465 1053 1511 me
1097 1466 1136 1510 a
1181 1464 1334 1510 vera
1377 1446 1568 1530 longe
1612 1445 1921 1527 aberrare,
1961 1444 2482 1529 quandoquidem
2520 1446 2734 1510 omnia
2770 1446 2900 1528 illa,
2924 1463 3079 1530 quae

456 1537 722 1619 sumpsi,
787 1536 1110 1620 postulata
1176 1535 1290 1598 vix
1352 1537 1703 1619 quicquam
1764 1494 2113 1617 cont’inent,
2174 1533 2349 1618 quod
2409 1553 2541 1597 non
2590 1539 2839 1600 constet
2883 1552 3081 1619 expe-

452 1625 699 1707 rientia,
745 1624 826 1689 de
871 1644 999 1708 qua
1044 1622 1232 1689 nobis
1276 1642 1408 1688 non
1453 1624 1600 1689 licet
1648 1623 1958 1706 dubitare,
2003 1627 2340 1708 postquam
2392 1623 2794 1688 ostendimus
2836 1622 3082 1708 Corpus

455 1715 831 1796 humanum,
875 1718 1067 1799 prout
1110 1714 1328 1797 ipsum
1372 1714 1708 1796 sentimus,
1754 1714 2031 1778 existere
2076 1711 2238 1791 (vide
2285 1709 2503 1776 Coroll.
2545 1716 2688 1791 post
2732 1711 2928 1797 Prop.
2978 1712 3083 1776 13.

454 1802 686 1888 hujus).
732 1801 1053 1867 Praeterea
1096 1804 1194 1882 (eoo
1239 1800 1457 1866 Goroll.
1501 1801 1762 1887 proeced.
1808 1806 1868 1867 et
1916 1799 2135 1866 Coroll.
2180 1801 2241 1866 2.
2286 1800 2479 1886 Prop.
2522 1801 2625 1866 16.
2661 1800 2873 1885 hujus)
2912 1801 3084 1866 clare

456 1892 894 1977 intelligimus,
962 1910 1263 1977 quaenam
1333 1892 1416 1956 sit
1484 1891 1842 1956 differentia
1896 1891 2064 1955 inter
2133 1891 2341 1955 ideam
2404 1908 2504 1955 ex.
2552 1911 2645 1975 gr.
2691 1891 2886 1974 Petri,
2933 1909 3082 1974 quae

455 1984 798 2046 essentiam
867 1980 1103 2047 Mentis
1169 1982 1376 2065 ipsius
1443 1981 1618 2045 Petri
1676 1980 2027 2063 constituit,
2071 1983 2135 2043 et
2176 1980 2342 2045 inter
2385 1979 2591 2044 ideam
2638 1981 2846 2064 ipsius
2890 1979 3084 2062 Petri,

458 2089 606 2154 quae
673 2071 741 2134 in
788 2070 913 2135 alio
959 2071 1237 2153 homine,
1282 2073 1440 2154 puta
1483 2072 1552 2134 in
1598 2069 1804 2134 Paulo
1852 2073 1966 2134 est.
2012 2067 2132 2132 Illa
2178 2070 2349 2133 enim
2396 2070 2738 2134 essentiam
2786 2068 3084 2153 Corporis

456 2161 663 2244 ipsius
730 2158 910 2224 Petri
976 2160 1213 2224 directe
1280 2159 1578 2243 explicat,
1640 2177 1761 2223 nec
1805 2159 2216 2223 existentiam
2262 2157 2554 2241 involvit,
2600 2159 2729 2223 nisi
2774 2157 3083 2242 quamdiu

457 2248 689 2313 Petrus
734 2250 986 2330 existit3
1037 2248 1176 2312 haec
1221 2253 1437 2313 autem
1484 2250 1691 2332 magis
1736 2248 2258 2312 constitutionem
2309 2245 2607 2330 Corporis
2654 2246 2844 2312 Pauli
2890 2267 3084 2332 quam

456 2337 634 2403 Petri
677 2342 972 2402 naturam
1008 2336 1278 2419 indicat,
1325 2342 1388 2402 et
1424 2338 1586 2420 ideo,
1626 2336 1899 2401 durante
1934 2335 2046 2400 illa
2081 2333 2379 2421 Corporis
2401 2335 2589 2401 Pauli
2612 2338 3087 2418 constitutione,

460 2426 647 2492 Mens
715 2426 922 2508 Pauli,
990 2428 1289 2510 quamvis
1345 2426 1579 2492 Petrus
1638 2445 1771 2490 non
1819 2426 2070 2507 existat,
2115 2427 2328 2509 ipsum
2376 2429 2590 2489 tamen
2635 2431 2707 2490 ut
2755 2425 2879 2491 sibi
2923 2444 3085 2510 prae-

459 2520 705 2582 sentem
777 2514 1331 2599 contemplabitur.
1400 2515 1620 2596 Porr0,
1681 2520 1752 2580 ut
1815 2514 2011 2579 verba
2055 2515 2291 2579 usitata
2333 2515 2742 2598 retineamus,
2788 2513 3086 2598 Corporis

458 2606 729 2669 humani
769 2604 1153 2687 affectiones,
1200 2624 1476 2688 quarum
1521 2605 1684 2670 ideae
1724 2622 1991 2688 corpora
2027 2607 2294 2668 externa
2331 2604 2511 2668 velut
2532 2603 2721 2669 nobis
2743 2604 3089 2688 praesentia

457 2698 940 2779 repraesentant,
1003 2711 1221 2758 rerum
1281 2695 1595 2779 imagines
1656 2692 2051 2775 vocabimus,
2111 2693 2364 2757 tametsi
2405 2711 2622 2758 rerum
2666 2693 2909 2778 figuras
2954 2711 3087 2757 non

458 2783 760 2849 referunt.
829 2783 913 2847 Et
981 2801 1127 2847 cum
1198 2781 1384 2848 Mens
1452 2783 1572 2848 hac
1639 2782 1887 2848 ratione
1947 2781 2415 2865 contemplatur
2477 2801 2759 2867 corpora,
2821 2780 3087 2847 eandem

458 2874 799 2957 imaginari
864 2872 1172 2937 dicemus.
1239 2873 1458 2955 Atque
1522 2873 1646 2955 hic,
1715 2876 1787 2937 ut
1849 2871 2009 2975 quid
2068 2872 2153 2936 sit
2213 2889 2393 2936 error
2438 2871 2723 2937 indicare
2765 2872 3090 2955 incipiam,

459 2963 694 3027 notetis
751 2961 967 3042 velim,
1027 2960 1264 3026 Mentis
1322 2962 1816 3045 imaginationes
1860 2962 1929 3024 in
1976 2978 2044 3025 se
2089 2964 2407 3044 spectatas
2453 2961 2613 3025 nihil
2658 2962 2892 3026 erroris
2938 2979 3088 3024 con-

459 3052 695 3132 tinere3
743 3052 881 3115 sive
927 3049 1207 3115 Mentem
1257 3069 1341 3115 ex
1386 3068 1480 3132 eo,
1528 3050 1702 3135 quod
1748 3050 2159 3133 imaginatur,
2204 3068 2335 3113 non
2382 3067 2628 3130 errare,
2673 3050 2789 3114 sed
2834 3053 3087 3115 tantum

460 3147 779 3225 quatenus
848 3134 1290 3204 consideratur
1356 3157 1571 3204 carere
1637 3138 1799 3219 idea,
1866 3156 2015 3222 quae
2076 3138 2485 3203 existentiam
2547 3139 2806 3203 illarum
2851 3157 3089 3221 rerum,

461 3249 624 3313 quas
670 3229 796 3293 sibi
841 3231 1191 3312 praesentes
1235 3229 1643 3313 imaginatur,
1687 3226 1996 3293 secludat.
2042 3226 2209 3291 Nam
2258 3230 2315 3291 si
2361 3225 2565 3310 Mens,
2611 3228 2768 3292 dum
2814 3246 2918 3293 res
2958 3246 3089 3291 non

461 3321 812 3384 existentes
866 3322 941 3381 ut
997 3317 1122 3382 sibi
1181 3323 1531 3401 praesentes
1574 3318 1984 3400 imaginatur,
2031 3316 2230 3380 simul
2276 3316 2485 3400 sciret,
2528 3335 2632 3382 res
2678 3317 2821 3381 illas
2867 3334 3091 3382 revera

461 3427 591 3472 non
639 3409 935 3489 existere,
978 3407 1145 3471 hanc
1190 3425 1345 3471 sane
1391 3406 1784 3490 imaginandi
1832 3407 2180 3490 potentiam
2221 3407 2444 3471 virtuti
2482 3425 2621 3471 suae
2661 3410 2931 3488 naturae,
2954 3425 3084 3469 non

460 3498 616 3561 vitio
661 3495 1002 3575 tribueret3
1051 3497 1408 3580 praesertim
1455 3497 1512 3560 si
1556 3495 1697 3560 haec
1742 3495 2137 3579 imaginandi
2172 3493 2443 3559 facultas
2482 3515 2521 3559 a
2558 3495 2694 3561 sola
2718 3515 2837 3560 sua
2857 3499 3089 3559 natura

462 3586 785 3670 penderet,
829 3586 950 3649 hoc
997 3589 1096 3651 est
1138 3590 1288 3668 (per
1323 3583 1531 3665 Deftn.
1571 3584 1628 3648 7.
1658 3605 1726 3669 p.
1767 3583 1870 3667 1.),
1907 3585 1964 3648 si
2000 3585 2140 3647 haec
2178 3582 2415 3649 Mentis
2454 3584 2849 3670 imaginandi
2886 3583 3088 3648 facul-

464 3680 562 3740 tas
606 3674 808 3740 libera
854 3679 1039 3739 esset.

1263 3771 1966 3839 PROPOSITIO
2056 3772 2304 3837 XVIII.

554 3887 627 3953 Si
673 3886 918 3973 Corpus
961 3887 1309 3952 humanum
1351 3909 1395 3952 a
1439 3887 1677 3953 duobus
1717 3886 1815 3952 vel
1849 3886 2145 3972 pluribus
2179 3887 2535 3972 corporffius
2569 3886 2758 3952 simul
2793 3887 3088 3971 affectum

463 3976 1363 4132 {lummsaecegbdauaemffem
1421 3985 1630 4062 postea
1690 3996 1904 4042 eorum
1965 3977 2221 4065 aliquod
2262 3976 2734 4062 imaqinabitur,
2779 3975 2989 4041 statim
3035 3981 3094 4041 et

1425 4198 2140 4244 DEMONSTRATIO.
2253 4233 2258 4238 .

557 4279 741 4346 Mens
805 4282 953 4365 (per
1002 4279 1224 4348 Oorozl.
1269 4280 1548 4364 praeced.)
1609 4299 1844 4365 corpus
1891 4281 2152 4365 aliquod
2199 4299 2274 4345 ea
2320 4280 2398 4345 de
2444 4300 2641 4345 causa
2684 4282 3096 4366 imaginatur,

468 4373 625 4454 quia
691 4370 931 4435 scilicet
999 4371 1351 4434 humanum
1422 4368 1670 4454 Corpus
1737 4390 1776 4434 a
1842 4373 2125 4454 corporis
2193 4371 2442 4435 externi
2510 4371 2797 4454 vestigiis
2858 4369 3091 4435 eodum

467 4460 660 4524 modo
705 4458 980 4523 afficitur
1023 4460 1529 4542 disponiturque,
1574 4478 1648 4523 ac
1695 4459 1989 4524 affectum
2029 4463 2141 4542 est,
2178 4478 2328 4523 cum
2369 4458 2665 4542 quaedam
2705 4461 2845 4543 ejus
2883 4463 3093 4544 partes

465 4547 547 4613 ab
591 4549 730 4633 ipso
775 4566 1040 4632 corpore
1083 4553 1352 4613 externo
1396 4548 1662 4613 fuerunt
1705 4548 2036 4633 impulsae:
2088 4549 2200 4615 sed
2239 4550 2389 4633 (per
2425 4546 2817 4633 hypothesin)
2843 4547 3090 4632 Corpus

464 4643 607 4701 tum
673 4639 765 4701 ita
830 4636 956 4702 fnit
1022 4637 1424 4721 dispositum,
1493 4643 1566 4702 nt
1627 4636 1812 4703 Mens
1873 4639 2001 4703 duo
2063 4640 2258 4703 simul
2304 4657 2571 4722 corpora
2612 4640 3092 4723 imaginaretur,

538 4906 596 4972 1)
631 4907 725 4958 Ed.
760 4907 876 4958 Pr.:
907 4922 1134 4974 possem.
