<?xml version="1.0" encoding="UTF-8"?>
<!DOCTYPE html PUBLIC "-//W3C//DTD XHTML 1.0 Transitional//EN"
    "http://www.w3.org/TR/xhtml1/DTD/xhtml1-transitional.dtd">
<html xmlns="http://www.w3.org/1999/xhtml" xml:lang="en" lang="en">
 <head>
  <title>
</title>
<meta http-equiv="Content-Type" content="text/html;charset=utf-8" />
  <meta name='ocr-system' content='tesseract 3.04.00' />
  <meta name='ocr-capabilities' content='ocr_page ocr_carea ocr_par ocr_line ocrx_word'/>
</head>
<body>
  <div class='ocr_page' id='page_1' title='image "./ethica00unkngoog_0135.png"; bbox 0 0 3609 5642; ppageno 0'>
   <div class='ocr_carea' id='block_1_1' title="bbox 1371 503 3062 571">
    <p class='ocr_par' dir='ltr' id='par_1_1' title="bbox 1371 503 3062 571">
     <span class='ocr_line' id='line_1_1' title="bbox 1371 503 3062 571; baseline -0.002 -1"><span class='ocrx_word' id='word_1_1' title='bbox 1371 526 1453 571; x_wconf 76' lang='lat' dir='ltr'><strong>nn</strong></span> <span class='ocrx_word' id='word_1_2' title='bbox 1496 525 1828 570; x_wconf 71' lang='lat' dir='ltr'><strong>smmum</strong></span> <span class='ocrx_word' id='word_1_3' title='bbox 1870 526 2146 571; x_wconf 73' lang='lat' dir='ltr'><strong><em>HUMANA.</em></strong></span> <span class='ocrx_word' id='word_1_4' title='bbox 2939 503 3062 567; x_wconf 88' lang='grc'><strong>121</strong></span> 
     </span>
    </p>
   </div>
   <div class='ocr_carea' id='block_1_2' title="bbox 439 691 3069 1223">
    <p class='ocr_par' dir='ltr' id='par_1_2' title="bbox 439 691 3069 1223">
     <span class='ocr_line' id='line_1_2' title="bbox 440 691 3061 778; baseline -0.001 -20"><span class='ocrx_word' id='word_1_5' title='bbox 440 696 676 777; x_wconf 86' lang='lat' dir='ltr'><strong>nimur,</strong></span> <span class='ocrx_word' id='word_1_6' title='bbox 746 691 917 778; x_wconf 88' lang='lat' dir='ltr'><strong>quod</strong></span> <span class='ocrx_word' id='word_1_7' title='bbox 984 693 1186 775; x_wconf 82' lang='lat' dir='ltr'><strong>ipsam</strong></span> <span class='ocrx_word' id='word_1_8' title='bbox 1256 692 1337 756; x_wconf 89' lang='lat' dir='ltr'><strong>ad</strong></span> <span class='ocrx_word' id='word_1_9' title='bbox 1408 694 1774 757; x_wconf 78' lang='lat' dir='ltr'><strong>memoriam</strong></span> <span class='ocrx_word' id='word_1_10' title='bbox 1846 692 2093 777; x_wconf 80' lang='lat' dir='ltr'>redigit,</span> <span class='ocrx_word' id='word_1_11' title='bbox 2157 693 2311 757; x_wconf 61' lang='lat' dir='ltr'><strong>sive,</strong></span> <span class='ocrx_word' id='word_1_12' title='bbox 2361 692 2534 777; x_wconf 88' lang='lat' dir='ltr'><strong>quod</strong></span> <span class='ocrx_word' id='word_1_13' title='bbox 2578 693 2672 756; x_wconf 91' lang='lat' dir='ltr'><strong>rei</strong></span> <span class='ocrx_word' id='word_1_14' title='bbox 2718 692 3061 775; x_wconf 80' lang='lat' dir='ltr'><strong>imaginem</strong></span> 
     </span>
     <span class='ocr_line' id='line_1_3' title="bbox 441 779 3064 865; baseline -0.001 -17"><span class='ocrx_word' id='word_1_15' title='bbox 441 785 681 848; x_wconf 85' lang='lat' dir='ltr'><strong>excitat</strong></span> <span class='ocrx_word' id='word_1_16' title='bbox 749 781 908 865; x_wconf 80' lang='lat' dir='ltr'><strong>(vide</strong></span> <span class='ocrx_word' id='word_1_17' title='bbox 953 779 1142 864; x_wconf 81' lang='lat' dir='ltr'><strong>Prop.</strong></span> <span class='ocrx_word' id='word_1_18' title='bbox 1192 781 1293 844; x_wconf 88' lang='grc'><strong>18.</strong></span> <span class='ocrx_word' id='word_1_19' title='bbox 1338 801 1400 865; x_wconf 92' lang='grc' dir='ltr'><strong>Ρ.</strong></span> <span class='ocrx_word' id='word_1_20' title='bbox 1448 783 1507 846; x_wconf 84' lang='grc'><strong>2.</strong></span> <span class='ocrx_word' id='word_1_21' title='bbox 1553 802 1692 846; x_wconf 86' lang='lat' dir='ltr'><strong>cum</strong></span> <span class='ocrx_word' id='word_1_22' title='bbox 1735 781 2008 865; x_wconf 78' lang='lat' dir='ltr'><strong>ejusdem</strong></span> <span class='ocrx_word' id='word_1_23' title='bbox 2055 779 2292 864; x_wconf 58' lang='grc' dir='ltr'><strong>δάιοι),</strong></span> <span class='ocrx_word' id='word_1_24' title='bbox 2338 801 2412 845; x_wconf 88' lang='lat' dir='ltr'><strong>ac</strong></span> <span class='ocrx_word' id='word_1_25' title='bbox 2471 780 2738 864; x_wconf 80' lang='lat' dir='ltr'><strong>proinde</strong></span> <span class='ocrx_word' id='word_1_26' title='bbox 2798 786 3064 846; x_wconf 85' lang='lat' dir='ltr'><strong>eatenus</strong></span> 
     </span>
     <span class='ocr_line' id='line_1_4' title="bbox 441 868 3065 955; baseline -0.001 -19"><span class='ocrx_word' id='word_1_27' title='bbox 441 872 652 955; x_wconf 90' lang='lat' dir='ltr'><strong>efficit,</strong></span> <span class='ocrx_word' id='word_1_28' title='bbox 701 877 773 936; x_wconf 92' lang='lat' dir='ltr'><strong>ut</strong></span> <span class='ocrx_word' id='word_1_29' title='bbox 818 874 1040 955; x_wconf 82' lang='lat' dir='ltr'><strong>ipsam,</strong></span> <span class='ocrx_word' id='word_1_30' title='bbox 1085 890 1158 933; x_wconf 88' lang='lat' dir='ltr'><strong>ac</strong></span> <span class='ocrx_word' id='word_1_31' title='bbox 1204 873 1262 935; x_wconf 93' lang='lat' dir='ltr'><strong>si</strong></span> <span class='ocrx_word' id='word_1_32' title='bbox 1306 891 1590 954; x_wconf 72' lang='lat' dir='ltr'><strong>praesens</strong></span> <span class='ocrx_word' id='word_1_33' title='bbox 1638 877 1826 953; x_wconf 91' lang='lat' dir='ltr'><strong>esset,</strong></span> <span class='ocrx_word' id='word_1_34' title='bbox 1873 871 2381 954; x_wconf 80' lang='lat' dir='ltr'><strong>contemplemur</strong></span> <span class='ocrx_word' id='word_1_35' title='bbox 2427 872 2560 954; x_wconf 78' lang='lat' dir='ltr'><strong>(per</strong></span> <span class='ocrx_word' id='word_1_36' title='bbox 2609 868 2827 935; x_wconf 82' lang='lat' dir='ltr'><strong>Coroll.</strong></span> <span class='ocrx_word' id='word_1_37' title='bbox 2873 869 3065 954; x_wconf 84' lang='lat' dir='ltr'><strong>Prop.</strong></span> 
     </span>
     <span class='ocr_line' id='line_1_5' title="bbox 442 960 3066 1045; baseline -0.001 -20"><span class='ocrx_word' id='word_1_38' title='bbox 442 961 547 1025; x_wconf 86' lang='lat'><strong>17.</strong></span> <span class='ocrx_word' id='word_1_39' title='bbox 586 981 648 1045; x_wconf 91' lang='grc' dir='ltr'><strong>Ρ.</strong></span> <span class='ocrx_word' id='word_1_40' title='bbox 694 962 793 1040; x_wconf 83' lang='grc'><strong>2.).</strong></span> <span class='ocrx_word' id='word_1_41' title='bbox 853 963 1070 1044; x_wconf 87' lang='lat' dir='ltr'><strong>Atque</strong></span> <span class='ocrx_word' id='word_1_42' title='bbox 1133 960 1290 1024; x_wconf 88' lang='lat' dir='ltr'><strong>adeo</strong></span> <span class='ocrx_word' id='word_1_43' title='bbox 1351 963 1485 1045; x_wconf 78' lang='lat' dir='ltr'><strong>(per</strong></span> <span class='ocrx_word' id='word_1_44' title='bbox 1530 960 1721 1044; x_wconf 83' lang='lat' dir='ltr'><strong>Prop.</strong></span> <span class='ocrx_word' id='word_1_45' title='bbox 1771 961 1829 1024; x_wconf 90' lang='lat'><strong>9.</strong></span> <span class='ocrx_word' id='word_1_46' title='bbox 1874 960 2086 1043; x_wconf 82' lang='lat' dir='ltr'><strong>hujus)</strong></span> <span class='ocrx_word' id='word_1_47' title='bbox 2135 960 2399 1025; x_wconf 87' lang='lat' dir='ltr'><strong>affectus</strong></span> <span class='ocrx_word' id='word_1_48' title='bbox 2445 978 2596 1043; x_wconf 86' lang='lat' dir='ltr'><strong>erga</strong></span> <span class='ocrx_word' id='word_1_49' title='bbox 2639 979 2775 1024; x_wconf 89' lang='lat' dir='ltr'><strong>rem</strong></span> <span class='ocrx_word' id='word_1_50' title='bbox 2821 961 3066 1024; x_wconf 86' lang='lat' dir='ltr'><strong>contin-</strong></span> 
     </span>
     <span class='ocr_line' id='line_1_6' title="bbox 443 1048 3069 1135; baseline -0.001 -20"><span class='ocrx_word' id='word_1_51' title='bbox 443 1056 721 1135; x_wconf 86' lang='lat' dir='ltr'><strong>gentem,</strong></span> <span class='ocrx_word' id='word_1_52' title='bbox 805 1069 999 1134; x_wconf 91' lang='lat' dir='ltr'><strong>quam</strong></span> <span class='ocrx_word' id='word_1_53' title='bbox 1079 1050 1319 1113; x_wconf 89' lang='lat' dir='ltr'><strong>scimus</strong></span> <span class='ocrx_word' id='word_1_54' title='bbox 1386 1051 1457 1113; x_wconf 91' lang='lat' dir='ltr'><strong>in</strong></span> <span class='ocrx_word' id='word_1_55' title='bbox 1525 1051 1835 1134; x_wconf 72' lang='lat' dir='ltr'><strong>praesenti</strong></span> <span class='ocrx_word' id='word_1_56' title='bbox 1902 1069 2034 1114; x_wconf 90' lang='lat' dir='ltr'><strong>non</strong></span> <span class='ocrx_word' id='word_1_57' title='bbox 2105 1051 2400 1132; x_wconf 83' lang='lat' dir='ltr'><strong>existere,</strong></span> <span class='ocrx_word' id='word_1_58' title='bbox 2470 1049 2720 1113; x_wconf 78' lang='lat' dir='ltr'><strong>caeteris</strong></span> <span class='ocrx_word' id='word_1_59' title='bbox 2788 1048 3069 1132; x_wconf 79' lang='lat' dir='ltr'><strong>paribuS,</strong></span> 
     </span>
     <span class='ocr_line' id='line_1_7' title="bbox 439 1135 2714 1223; baseline -0.001 -20"><span class='ocrx_word' id='word_1_60' title='bbox 439 1141 768 1204; x_wconf 89' lang='lat' dir='ltr'><strong>remissior</strong></span> <span class='ocrx_word' id='word_1_61' title='bbox 812 1140 951 1220; x_wconf 91' lang='lat' dir='ltr'><strong>erit,</strong></span> <span class='ocrx_word' id='word_1_62' title='bbox 998 1158 1191 1222; x_wconf 86' lang='lat' dir='ltr'><strong>quam</strong></span> <span class='ocrx_word' id='word_1_63' title='bbox 1237 1138 1502 1203; x_wconf 86' lang='lat' dir='ltr'><strong>affectus</strong></span> <span class='ocrx_word' id='word_1_64' title='bbox 1547 1158 1697 1223; x_wconf 89' lang='lat' dir='ltr'><strong>erga</strong></span> <span class='ocrx_word' id='word_1_65' title='bbox 1743 1159 1879 1204; x_wconf 90' lang='lat' dir='ltr'><strong>rem</strong></span> <span class='ocrx_word' id='word_1_66' title='bbox 1927 1141 2335 1223; x_wconf 76' lang='lat' dir='ltr'><strong>praeteritam.</strong></span> <span class='ocrx_word' id='word_1_67' title='bbox 2388 1138 2457 1219; x_wconf 75' lang='lat' dir='ltr'><strong>Q.</strong></span> <span class='ocrx_word' id='word_1_68' title='bbox 2502 1136 2583 1202; x_wconf 84' lang='lat' dir='ltr'><strong>E.</strong></span> <span class='ocrx_word' id='word_1_69' title='bbox 2629 1135 2714 1203; x_wconf 91' lang='lat' dir='ltr'><strong>D.</strong></span> 
     </span>
    </p>
   </div>
   <div class='ocr_carea' id='block_1_3' title="bbox 1272 1275 2242 1342">
    <p class='ocr_par' dir='ltr' id='par_1_3' title="bbox 1272 1275 2242 1342">
     <span class='ocr_line' id='line_1_8' title="bbox 1272 1275 2242 1342; baseline -0.001 -1"><span class='ocrx_word' id='word_1_70' title='bbox 1272 1275 1971 1342; x_wconf 81' lang='lat' dir='ltr'>PROPOSITIO</span> <span class='ocrx_word' id='word_1_71' title='bbox 2063 1276 2242 1341; x_wconf 88' lang='lat' dir='ltr'><strong>XIV.</strong></span> 
     </span>
    </p>
   </div>
   <div class='ocr_carea' id='block_1_4' title="bbox 431 1388 3070 1565">
    <p class='ocr_par' dir='ltr' id='par_1_4' title="bbox 431 1388 3070 1565">
     <span class='ocr_line' id='line_1_9' title="bbox 540 1388 3070 1476; baseline 0 -20"><span class='ocrx_word' id='word_1_72' title='bbox 540 1389 707 1456; x_wconf 89' lang='lat' dir='ltr'><strong>Vera</strong></span> <span class='ocrx_word' id='word_1_73' title='bbox 766 1389 907 1457; x_wconf 83' lang='lat' dir='ltr'><strong>boni</strong></span> <span class='ocrx_word' id='word_1_74' title='bbox 961 1394 1019 1454; x_wconf 89' lang='lat' dir='ltr'><strong>et</strong></span> <span class='ocrx_word' id='word_1_75' title='bbox 1062 1388 1215 1453; x_wconf 86' lang='lat' dir='ltr'><strong>mali</strong></span> <span class='ocrx_word' id='word_1_76' title='bbox 1256 1389 1541 1474; x_wconf 71' lang='lat' dir='ltr'><strong>coqnitio,</strong></span> <span class='ocrx_word' id='word_1_77' title='bbox 1588 1394 1902 1476; x_wconf 81' lang='lat' dir='ltr'><strong>quatenus</strong></span> <span class='ocrx_word' id='word_1_78' title='bbox 1943 1409 2109 1471; x_wconf 86' lang='lat' dir='ltr'><strong>vera,</strong></span> <span class='ocrx_word' id='word_1_79' title='bbox 2156 1388 2403 1453; x_wconf 82' lang='lat' dir='ltr'><strong>nullum</strong></span> <span class='ocrx_word' id='word_1_80' title='bbox 2448 1389 2757 1473; x_wconf 83' lang='lat' dir='ltr'><strong>affectum</strong></span> <span class='ocrx_word' id='word_1_81' title='bbox 2802 1392 3070 1456; x_wconf 62' lang='lat' dir='ltr'><strong>coercere</strong></span> 
     </span>
     <span class='ocr_line' id='line_1_10' title="bbox 431 1478 2377 1565; baseline -0.001 -20"><span class='ocrx_word' id='word_1_82' title='bbox 431 1485 650 1565; x_wconf 81' lang='lat' dir='ltr'><strong>potest,</strong></span> <span class='ocrx_word' id='word_1_83' title='bbox 690 1480 801 1545; x_wconf 82' lang='lat' dir='ltr'><strong>sed</strong></span> <span class='ocrx_word' id='word_1_84' title='bbox 841 1483 1089 1544; x_wconf 83' lang='lat' dir='ltr'><strong>tantum</strong></span> <span class='ocrx_word' id='word_1_85' title='bbox 1133 1483 1445 1560; x_wconf 81' lang='lat' dir='ltr'><strong>quatenus</strong></span> <span class='ocrx_word' id='word_1_86' title='bbox 1489 1485 1559 1542; x_wconf 89' lang='lat' dir='ltr'><strong>ut</strong></span> <span class='ocrx_word' id='word_1_87' title='bbox 1602 1479 1883 1563; x_wconf 84' lang='lat' dir='ltr'><strong>affectus</strong></span> <span class='ocrx_word' id='word_1_88' title='bbox 1927 1478 2377 1544; x_wconf 79' lang='lat' dir='ltr'><strong>consideratur.</strong></span> 
     </span>
    </p>
   </div>
   <div class='ocr_carea' id='block_1_5' title="bbox 1396 1612 2117 1658">
    <p class='ocr_par' dir='ltr' id='par_1_5' title="bbox 1396 1612 2117 1658">
     <span class='ocr_line' id='line_1_11' title="bbox 1396 1612 2117 1658; baseline 0 -1"><span class='ocrx_word' id='word_1_89' title='bbox 1396 1612 2117 1658; x_wconf 73' lang='lat' dir='ltr'><strong>DEMONSTRA&#39;r-IO.</strong></span> 
     </span>
    </p>
   </div>
   <div class='ocr_carea' id='block_1_6' title="bbox 439 1692 3069 2312">
    <p class='ocr_par' dir='ltr' id='par_1_6' title="bbox 439 1692 3069 2312">
     <span class='ocr_line' id='line_1_12' title="bbox 533 1692 3068 1777; baseline 0 -20"><span class='ocrx_word' id='word_1_90' title='bbox 533 1693 820 1758; x_wconf 86' lang='lat' dir='ltr'><strong>Affectus</strong></span> <span class='ocrx_word' id='word_1_91' title='bbox 889 1697 986 1758; x_wconf 89' lang='lat' dir='ltr'><strong>est</strong></span> <span class='ocrx_word' id='word_1_92' title='bbox 1053 1693 1213 1776; x_wconf 90' lang='lat' dir='ltr'><strong>idea,</strong></span> <span class='ocrx_word' id='word_1_93' title='bbox 1282 1714 1412 1777; x_wconf 90' lang='lat' dir='ltr'><strong>qua</strong></span> <span class='ocrx_word' id='word_1_94' title='bbox 1480 1693 1663 1758; x_wconf 89' lang='lat' dir='ltr'><strong>Mens</strong></span> <span class='ocrx_word' id='word_1_95' title='bbox 1733 1696 2039 1777; x_wconf 87' lang='lat' dir='ltr'><strong>majorem</strong></span> <span class='ocrx_word' id='word_1_96' title='bbox 2104 1694 2203 1758; x_wconf 87' lang='lat' dir='ltr'><strong>vel</strong></span> <span class='ocrx_word' id='word_1_97' title='bbox 2270 1694 2578 1757; x_wconf 90' lang='lat' dir='ltr'><strong>minorem</strong></span> <span class='ocrx_word' id='word_1_98' title='bbox 2628 1695 2730 1758; x_wconf 93' lang='lat' dir='ltr'><strong>sui</strong></span> <span class='ocrx_word' id='word_1_99' title='bbox 2777 1692 3068 1776; x_wconf 84' lang='lat' dir='ltr'><strong>Corporis</strong></span> 
     </span>
     <span class='ocr_line' id='line_1_13' title="bbox 444 1780 3067 1867; baseline -0.001 -18"><span class='ocrx_word' id='word_1_100' title='bbox 444 1784 765 1849; x_wconf 81' lang='lat' dir='ltr'><strong>existendi</strong></span> <span class='ocrx_word' id='word_1_101' title='bbox 810 1784 961 1865; x_wconf 86' lang='lat' dir='ltr'><strong>vim,</strong></span> <span class='ocrx_word' id='word_1_102' title='bbox 1009 1802 1201 1866; x_wconf 90' lang='lat' dir='ltr'><strong>quam</strong></span> <span class='ocrx_word' id='word_1_103' title='bbox 1250 1789 1453 1867; x_wconf 86' lang='lat' dir='ltr'><strong>antea,</strong></span> <span class='ocrx_word' id='word_1_104' title='bbox 1499 1783 1771 1848; x_wconf 84' lang='lat' dir='ltr'><strong>affirmat</strong></span> <span class='ocrx_word' id='word_1_105' title='bbox 1815 1789 1950 1867; x_wconf 78' lang='lat' dir='ltr'><strong>(per</strong></span> <span class='ocrx_word' id='word_1_106' title='bbox 1981 1802 2120 1866; x_wconf 77' lang='lat' dir='ltr'><strong>yen.</strong></span> <span class='ocrx_word' id='word_1_107' title='bbox 2165 1782 2319 1867; x_wconf 83' lang='lat' dir='ltr'><strong>Aff.</strong></span> <span class='ocrx_word' id='word_1_108' title='bbox 2356 1780 2628 1866; x_wconf 83' lang='lat' dir='ltr'><strong>Defin.);</strong></span> <span class='ocrx_word' id='word_1_109' title='bbox 2676 1787 2871 1867; x_wconf 88' lang='lat' dir='ltr'><strong>atque</strong></span> <span class='ocrx_word' id='word_1_110' title='bbox 2908 1784 3067 1847; x_wconf 89' lang='lat' dir='ltr'><strong>adeo</strong></span> 
     </span>
     <span class='ocr_line' id='line_1_14' title="bbox 444 1871 3066 1957; baseline -0.001 -21"><span class='ocrx_word' id='word_1_111' title='bbox 444 1878 585 1956; x_wconf 80' lang='lat' dir='ltr'><strong>(per</strong></span> <span class='ocrx_word' id='word_1_112' title='bbox 628 1871 819 1956; x_wconf 81' lang='lat' dir='ltr'><strong>Pr0p.</strong></span> <span class='ocrx_word' id='word_1_113' title='bbox 866 1871 925 1935; x_wconf 91' lang='lat'><strong>1.</strong></span> <span class='ocrx_word' id='word_1_114' title='bbox 972 1872 1186 1955; x_wconf 76' lang='lat' dir='ltr'><strong>hujus)</strong></span> <span class='ocrx_word' id='word_1_115' title='bbox 1249 1872 1409 1936; x_wconf 90' lang='lat' dir='ltr'><strong>nihil</strong></span> <span class='ocrx_word' id='word_1_116' title='bbox 1470 1874 1818 1956; x_wconf 88' lang='lat' dir='ltr'><strong>positivum</strong></span> <span class='ocrx_word' id='word_1_117' title='bbox 1881 1872 2088 1956; x_wconf 90' lang='lat' dir='ltr'><strong>habet,</strong></span> <span class='ocrx_word' id='word_1_118' title='bbox 2136 1873 2308 1957; x_wconf 91' lang='lat' dir='ltr'><strong>quod</strong></span> <span class='ocrx_word' id='word_1_119' title='bbox 2356 1873 2701 1955; x_wconf 68' lang='lat' dir='ltr'><strong>praesentia</strong></span> <span class='ocrx_word' id='word_1_120' title='bbox 2746 1873 2882 1936; x_wconf 87' lang='lat' dir='ltr'><strong>veri</strong></span> <span class='ocrx_word' id='word_1_121' title='bbox 2927 1871 3066 1936; x_wconf 87' lang='lat' dir='ltr'><strong>tolli</strong></span> 
     </span>
     <span class='ocr_line' id='line_1_15' title="bbox 444 1961 3069 2045; baseline -0.001 -19"><span class='ocrx_word' id='word_1_122' title='bbox 444 1963 673 2045; x_wconf 90' lang='lat' dir='ltr'><strong>possit;</strong></span> <span class='ocrx_word' id='word_1_123' title='bbox 747 1966 808 2025; x_wconf 91' lang='lat' dir='ltr'><strong>et</strong></span> <span class='ocrx_word' id='word_1_124' title='bbox 876 1967 1344 2045; x_wconf 86' lang='lat' dir='ltr'><strong>consequenter</strong></span> <span class='ocrx_word' id='word_1_125' title='bbox 1410 1981 1563 2026; x_wconf 86' lang='lat' dir='ltr'><strong>vera</strong></span> <span class='ocrx_word' id='word_1_126' title='bbox 1631 1961 1783 2026; x_wconf 94' lang='lat' dir='ltr'><strong>boni</strong></span> <span class='ocrx_word' id='word_1_127' title='bbox 1851 1967 1913 2026; x_wconf 90' lang='lat' dir='ltr'><strong>et</strong></span> <span class='ocrx_word' id='word_1_128' title='bbox 1977 1963 2127 2025; x_wconf 90' lang='lat' dir='ltr'><strong>mali</strong></span> <span class='ocrx_word' id='word_1_129' title='bbox 2189 1962 2486 2045; x_wconf 82' lang='lat' dir='ltr'><strong>cognitio,</strong></span> <span class='ocrx_word' id='word_1_130' title='bbox 2535 1966 2856 2045; x_wconf 89' lang='lat' dir='ltr'><strong>quatenus</strong></span> <span class='ocrx_word' id='word_1_131' title='bbox 2902 1980 3069 2042; x_wconf 87' lang='lat' dir='ltr'><strong>vera,</strong></span> 
     </span>
     <span class='ocr_line' id='line_1_16' title="bbox 444 2049 3067 2135; baseline 0 -21"><span class='ocrx_word' id='word_1_132' title='bbox 444 2051 699 2114; x_wconf 90' lang='lat' dir='ltr'><strong>nullum</strong></span> <span class='ocrx_word' id='word_1_133' title='bbox 747 2050 1043 2114; x_wconf 87' lang='lat' dir='ltr'><strong>affectum</strong></span> <span class='ocrx_word' id='word_1_134' title='bbox 1094 2054 1383 2115; x_wconf 71' lang='lat' dir='ltr'><strong>coercere</strong></span> <span class='ocrx_word' id='word_1_135' title='bbox 1430 2055 1653 2134; x_wconf 87' lang='lat' dir='ltr'><strong>potest.</strong></span> <span class='ocrx_word' id='word_1_136' title='bbox 1693 2055 1782 2115; x_wconf 85' lang='lat' dir='ltr'><strong>At</strong></span> <span class='ocrx_word' id='word_1_137' title='bbox 1821 2055 2141 2134; x_wconf 88' lang='lat' dir='ltr'><strong>quatenus</strong></span> <span class='ocrx_word' id='word_1_138' title='bbox 2181 2051 2448 2115; x_wconf 86' lang='lat' dir='ltr'><strong>affectus</strong></span> <span class='ocrx_word' id='word_1_139' title='bbox 2484 2058 2580 2115; x_wconf 85' lang='lat' dir='ltr'><strong>est</strong></span> <span class='ocrx_word' id='word_1_140' title='bbox 2607 2049 2769 2132; x_wconf 80' lang='lat' dir='ltr'><strong>(vide</strong></span> <span class='ocrx_word' id='word_1_141' title='bbox 2792 2049 2981 2135; x_wconf 81' lang='lat' dir='ltr'><strong>Prop.</strong></span> <span class='ocrx_word' id='word_1_142' title='bbox 3007 2051 3067 2114; x_wconf 88' lang='grc'><strong>8.</strong></span> 
     </span>
     <span class='ocr_line' id='line_1_17' title="bbox 440 2137 3069 2224; baseline 0 -21"><span class='ocrx_word' id='word_1_143' title='bbox 440 2139 682 2224; x_wconf 80' lang='lat' dir='ltr'><strong>hujus),</strong></span> <span class='ocrx_word' id='word_1_144' title='bbox 750 2140 806 2204; x_wconf 93' lang='lat' dir='ltr'><strong>si</strong></span> <span class='ocrx_word' id='word_1_145' title='bbox 872 2139 1096 2204; x_wconf 90' lang='lat' dir='ltr'><strong>fortior</strong></span> <span class='ocrx_word' id='word_1_146' title='bbox 1157 2139 1387 2204; x_wconf 86' lang='lat' dir='ltr'><strong>affectu</strong></span> <span class='ocrx_word' id='word_1_147' title='bbox 1433 2141 1780 2205; x_wconf 70' lang='lat' dir='ltr'><strong>coercendo</strong></span> <span class='ocrx_word' id='word_1_148' title='bbox 1830 2142 1930 2222; x_wconf 89' lang='lat' dir='ltr'><strong>sit,</strong></span> <span class='ocrx_word' id='word_1_149' title='bbox 1978 2144 2244 2205; x_wconf 88' lang='lat' dir='ltr'><strong>eatenus</strong></span> <span class='ocrx_word' id='word_1_150' title='bbox 2289 2137 2542 2206; x_wconf 82' lang='lat' dir='ltr'><strong>tantum</strong></span> <span class='ocrx_word' id='word_1_151' title='bbox 2588 2145 2725 2223; x_wconf 80' lang='lat' dir='ltr'><strong>(per</strong></span> <span class='ocrx_word' id='word_1_152' title='bbox 2769 2139 2960 2224; x_wconf 76' lang='lat' dir='ltr'><strong>Prop.</strong></span> <span class='ocrx_word' id='word_1_153' title='bbox 3009 2139 3069 2203; x_wconf 92' lang='grc'><strong>7.</strong></span> 
     </span>
     <span class='ocr_line' id='line_1_18' title="bbox 439 2227 1995 2312; baseline 0 -19"><span class='ocrx_word' id='word_1_154' title='bbox 439 2228 660 2312; x_wconf 76' lang='lat' dir='ltr'><strong>hujus)</strong></span> <span class='ocrx_word' id='word_1_155' title='bbox 707 2228 1001 2293; x_wconf 82' lang='lat' dir='ltr'><strong>affectum</strong></span> <span class='ocrx_word' id='word_1_156' title='bbox 1047 2232 1337 2294; x_wconf 72' lang='lat' dir='ltr'><strong>coercere</strong></span> <span class='ocrx_word' id='word_1_157' title='bbox 1376 2231 1623 2312; x_wconf 90' lang='lat' dir='ltr'><strong>poterit.</strong></span> <span class='ocrx_word' id='word_1_158' title='bbox 1675 2227 1743 2308; x_wconf 77' lang='lat' dir='ltr'><strong>Q.</strong></span> <span class='ocrx_word' id='word_1_159' title='bbox 1788 2227 1868 2293; x_wconf 82' lang='lat' dir='ltr'><strong>E.</strong></span> <span class='ocrx_word' id='word_1_160' title='bbox 1912 2228 1995 2293; x_wconf 90' lang='lat' dir='ltr'><strong>D.</strong></span> 
     </span>
    </p>
   </div>
   <div class='ocr_carea' id='block_1_7' title="bbox 1283 2364 2220 2431">
    <p class='ocr_par' dir='ltr' id='par_1_7' title="bbox 1283 2364 2220 2431">
     <span class='ocr_line' id='line_1_19' title="bbox 1283 2364 2220 2431; baseline -0.001 -1"><span class='ocrx_word' id='word_1_161' title='bbox 1283 2364 1982 2431; x_wconf 78' lang='lat' dir='ltr'>PROPOSITIO</span> <span class='ocrx_word' id='word_1_162' title='bbox 2072 2366 2220 2430; x_wconf 88' lang='lat' dir='ltr'><strong>XV.</strong></span> 
     </span>
    </p>
   </div>
   <div class='ocr_carea' id='block_1_8' title="bbox 439 2478 3073 2812">
    <p class='ocr_par' dir='ltr' id='par_1_8' title="bbox 439 2478 3073 2739">
     <span class='ocr_line' id='line_1_20' title="bbox 535 2478 3069 2564; baseline 0 -20"><span class='ocrx_word' id='word_1_163' title='bbox 535 2479 880 2562; x_wconf 79' lang='lat' dir='ltr'><strong>Cupiditas,</strong></span> <span class='ocrx_word' id='word_1_164' title='bbox 948 2498 1089 2564; x_wconf 81' lang='lat' dir='ltr'><strong>quoe</strong></span> <span class='ocrx_word' id='word_1_165' title='bbox 1151 2499 1228 2545; x_wconf 72' lang='lat' dir='ltr'><strong>em</strong></span> <span class='ocrx_word' id='word_1_166' title='bbox 1292 2498 1443 2543; x_wconf 85' lang='lat' dir='ltr'><strong>vera</strong></span> <span class='ocrx_word' id='word_1_167' title='bbox 1502 2478 1648 2544; x_wconf 82' lang='lat' dir='ltr'><strong>boni</strong></span> <span class='ocrx_word' id='word_1_168' title='bbox 1704 2484 1761 2543; x_wconf 88' lang='lat' dir='ltr'><strong>et</strong></span> <span class='ocrx_word' id='word_1_169' title='bbox 1820 2479 1975 2544; x_wconf 83' lang='lat' dir='ltr'><strong>mali</strong></span> <span class='ocrx_word' id='word_1_170' title='bbox 2015 2480 2358 2563; x_wconf 63' lang='lat' dir='ltr'><strong>cognitione</strong></span> <span class='ocrx_word' id='word_1_171' title='bbox 2398 2479 2620 2560; x_wconf 84' lang='lat' dir='ltr'><strong>oritur,</strong></span> <span class='ocrx_word' id='word_1_172' title='bbox 2664 2480 2881 2544; x_wconf 83' lang='lat' dir='ltr'><strong>mult-is</strong></span> <span class='ocrx_word' id='word_1_173' title='bbox 2925 2479 3069 2544; x_wconf 82' lang='lat' dir='ltr'><strong>aliis</strong></span> 
     </span>
     <span class='ocr_line' id='line_1_21' title="bbox 445 2567 3073 2655; baseline 0 -20"><span class='ocrx_word' id='word_1_174' title='bbox 445 2568 932 2654; x_wconf 79' lang='lat' dir='ltr'><strong>Cupiditatibus,</strong></span> <span class='ocrx_word' id='word_1_175' title='bbox 1001 2588 1142 2654; x_wconf 80' lang='lat' dir='ltr'><strong>quoe</strong></span> <span class='ocrx_word' id='word_1_176' title='bbox 1209 2567 1573 2652; x_wconf 79' lang='lat' dir='ltr'><strong>affectibus,</strong></span> <span class='ocrx_word' id='word_1_177' title='bbox 1631 2568 1855 2654; x_wconf 81' lang='lat' dir='ltr'><strong>quibus</strong></span> <span class='ocrx_word' id='word_1_178' title='bbox 1899 2568 2343 2649; x_wconf 76' lang='lat' dir='ltr'><strong>conflictamur,</strong></span> <span class='ocrx_word' id='word_1_179' title='bbox 2400 2571 2713 2655; x_wconf 84' lang='lat' dir='ltr'><strong>oriuntur,</strong></span> <span class='ocrx_word' id='word_1_180' title='bbox 2757 2570 3073 2655; x_wconf 74' lang='lat' dir='ltr'><strong>restinqui</strong></span> 
     </span>
     <span class='ocr_line' id='line_1_22' title="bbox 439 2658 1092 2739; baseline -0.005 -14"><span class='ocrx_word' id='word_1_181' title='bbox 439 2658 537 2725; x_wconf 81' lang='lat' dir='ltr'><strong>vel</strong></span> <span class='ocrx_word' id='word_1_182' title='bbox 581 2660 845 2724; x_wconf 68' lang='lat' dir='ltr'><strong>coerceri</strong></span> <span class='ocrx_word' id='word_1_183' title='bbox 883 2662 1092 2739; x_wconf 80' lang='lat' dir='ltr'><strong>potest.</strong></span> 
     </span>
    </p>

    <p class='ocr_par' dir='ltr' id='par_1_9' title="bbox 1400 2766 2113 2812">
     <span class='ocr_line' id='line_1_23' title="bbox 1400 2766 2113 2812; baseline 0.003 -3"><span class='ocrx_word' id='word_1_184' title='bbox 1400 2766 2113 2812; x_wconf 54' lang='lat' dir='ltr'><strong>nunonsrnnrra</strong></span> 
     </span>
    </p>
   </div>
   <div class='ocr_carea' id='block_1_9' title="bbox 437 2845 3071 4269">
    <p class='ocr_par' dir='ltr' id='par_1_10' title="bbox 437 2845 3071 4269">
     <span class='ocr_line' id='line_1_24' title="bbox 531 2845 3068 2932; baseline 0.001 -21"><span class='ocrx_word' id='word_1_185' title='bbox 531 2848 634 2911; x_wconf 81' lang='lat' dir='ltr'><strong>Ex</strong></span> <span class='ocrx_word' id='word_1_186' title='bbox 681 2866 830 2912; x_wconf 84' lang='lat' dir='ltr'><strong>vera</strong></span> <span class='ocrx_word' id='word_1_187' title='bbox 875 2847 1029 2912; x_wconf 90' lang='lat' dir='ltr'><strong>boni</strong></span> <span class='ocrx_word' id='word_1_188' title='bbox 1075 2851 1138 2912; x_wconf 91' lang='lat' dir='ltr'><strong>et</strong></span> <span class='ocrx_word' id='word_1_189' title='bbox 1185 2847 1330 2910; x_wconf 86' lang='lat' dir='ltr'><strong>mali</strong></span> <span class='ocrx_word' id='word_1_190' title='bbox 1379 2848 1763 2930; x_wconf 87' lang='lat' dir='ltr'><strong>cognitione,</strong></span> <span class='ocrx_word' id='word_1_191' title='bbox 1811 2852 2132 2931; x_wconf 88' lang='lat' dir='ltr'><strong>quatenus</strong></span> <span class='ocrx_word' id='word_1_192' title='bbox 2179 2848 2319 2911; x_wconf 80' lang='lat' dir='ltr'><strong>haec</strong></span> <span class='ocrx_word' id='word_1_193' title='bbox 2364 2852 2501 2932; x_wconf 78' lang='lat' dir='ltr'><strong>(per</strong></span> <span class='ocrx_word' id='word_1_194' title='bbox 2540 2845 2738 2932; x_wconf 81' lang='lat' dir='ltr'><strong>Prop.</strong></span> <span class='ocrx_word' id='word_1_195' title='bbox 2764 2849 2822 2912; x_wconf 88' lang='grc'><strong>8.</strong></span> <span class='ocrx_word' id='word_1_196' title='bbox 2847 2847 3068 2932; x_wconf 77' lang='lat' dir='ltr'><strong>hujus)</strong></span> 
     </span>
     <span class='ocr_line' id='line_1_25' title="bbox 440 2935 3068 3021; baseline 0.001 -21"><span class='ocrx_word' id='word_1_197' title='bbox 440 2937 710 3002; x_wconf 86' lang='lat' dir='ltr'><strong>affectus</strong></span> <span class='ocrx_word' id='word_1_198' title='bbox 771 2943 887 3019; x_wconf 90' lang='lat' dir='ltr'><strong>est,</strong></span> <span class='ocrx_word' id='word_1_199' title='bbox 949 2938 1154 3001; x_wconf 87' lang='lat' dir='ltr'><strong>oritur</strong></span> <span class='ocrx_word' id='word_1_200' title='bbox 1212 2938 1572 3001; x_wconf 88' lang='lat' dir='ltr'><strong>necessario</strong></span> <span class='ocrx_word' id='word_1_201' title='bbox 1620 2935 1951 3020; x_wconf 79' lang='lat' dir='ltr'><strong>Cupiditas</strong></span> <span class='ocrx_word' id='word_1_202' title='bbox 1998 2940 2132 3021; x_wconf 83' lang='lat' dir='ltr'><strong>(per</strong></span> <span class='ocrx_word' id='word_1_203' title='bbox 2177 2937 2234 3000; x_wconf 88' lang='lat'><strong>1.</strong></span> <span class='ocrx_word' id='word_1_204' title='bbox 2284 2936 2505 3018; x_wconf 82' lang='lat' dir='ltr'><strong>Affect.</strong></span> <span class='ocrx_word' id='word_1_205' title='bbox 2554 2935 2748 3020; x_wconf 75' lang='lat' dir='ltr'><strong>Def),</strong></span> <span class='ocrx_word' id='word_1_206' title='bbox 2795 2957 2945 3021; x_wconf 78' lang='lat' dir='ltr'><strong>quae</strong></span> <span class='ocrx_word' id='word_1_207' title='bbox 2993 2957 3068 3003; x_wconf 91' lang='lat' dir='ltr'><strong>eo</strong></span> 
     </span>
     <span class='ocr_line' id='line_1_26' title="bbox 440 3025 3069 3111; baseline 0 -21"><span class='ocrx_word' id='word_1_208' title='bbox 440 3032 540 3090; x_wconf 89' lang='lat' dir='ltr'><strong>est</strong></span> <span class='ocrx_word' id='word_1_209' title='bbox 588 3028 805 3109; x_wconf 88' lang='lat' dir='ltr'><strong>major,</strong></span> <span class='ocrx_word' id='word_1_210' title='bbox 852 3046 980 3111; x_wconf 90' lang='lat' dir='ltr'><strong>quo</strong></span> <span class='ocrx_word' id='word_1_211' title='bbox 1026 3026 1309 3107; x_wconf 77' lang='lat' dir='ltr'><strong>affectuS‚</strong></span> <span class='ocrx_word' id='word_1_212' title='bbox 1356 3044 1438 3090; x_wconf 87' lang='lat' dir='ltr'><strong>ex</strong></span> <span class='ocrx_word' id='word_1_213' title='bbox 1487 3044 1617 3109; x_wconf 92' lang='lat' dir='ltr'><strong>quo</strong></span> <span class='ocrx_word' id='word_1_214' title='bbox 1664 3027 1889 3107; x_wconf 88' lang='lat' dir='ltr'><strong>oritur,</strong></span> <span class='ocrx_word' id='word_1_215' title='bbox 1936 3029 2139 3110; x_wconf 88' lang='lat' dir='ltr'><strong>major</strong></span> <span class='ocrx_word' id='word_1_216' title='bbox 2185 3031 2282 3091; x_wconf 91' lang='lat' dir='ltr'><strong>est</strong></span> <span class='ocrx_word' id='word_1_217' title='bbox 2326 3030 2460 3110; x_wconf 81' lang='lat' dir='ltr'><strong>(per</strong></span> <span class='ocrx_word' id='word_1_218' title='bbox 2505 3025 2697 3110; x_wconf 82' lang='lat' dir='ltr'><strong>Prop.</strong></span> <span class='ocrx_word' id='word_1_219' title='bbox 2739 3026 2840 3090; x_wconf 85' lang='lat'><strong>37.</strong></span> <span class='ocrx_word' id='word_1_220' title='bbox 2879 3047 2942 3111; x_wconf 95' lang='grc' dir='ltr'><strong>Ρ.</strong></span> <span class='ocrx_word' id='word_1_221' title='bbox 2969 3028 3069 3108; x_wconf 92' lang='grc'><strong>3.).</strong></span> 
     </span>
     <span class='ocr_line' id='line_1_27' title="bbox 438 3112 3069 3200; baseline 0 -20"><span class='ocrx_word' id='word_1_222' title='bbox 438 3115 567 3181; x_wconf 85' lang='lat' dir='ltr'><strong>Sed</strong></span> <span class='ocrx_word' id='word_1_223' title='bbox 636 3118 789 3200; x_wconf 91' lang='lat' dir='ltr'><strong>quia</strong></span> <span class='ocrx_word' id='word_1_224' title='bbox 857 3116 991 3179; x_wconf 80' lang='lat' dir='ltr'><strong>haec</strong></span> <span class='ocrx_word' id='word_1_225' title='bbox 1060 3114 1390 3200; x_wconf 81' lang='lat' dir='ltr'><strong>Cupiditas</strong></span> <span class='ocrx_word' id='word_1_226' title='bbox 1458 3117 1593 3198; x_wconf 81' lang='lat' dir='ltr'><strong>(per</strong></span> <span class='ocrx_word' id='word_1_227' title='bbox 1649 3112 2037 3199; x_wconf 75' lang='lat' dir='ltr'><strong>hypothesin)</strong></span> <span class='ocrx_word' id='word_1_228' title='bbox 2100 3134 2183 3180; x_wconf 85' lang='lat' dir='ltr'><strong>ex</strong></span> <span class='ocrx_word' id='word_1_229' title='bbox 2245 3133 2341 3197; x_wconf 88' lang='lat' dir='ltr'><strong>ec,</strong></span> <span class='ocrx_word' id='word_1_230' title='bbox 2388 3116 2561 3200; x_wconf 90' lang='lat' dir='ltr'><strong>quod</strong></span> <span class='ocrx_word' id='word_1_231' title='bbox 2623 3116 2871 3199; x_wconf 92' lang='lat' dir='ltr'><strong>aliquid</strong></span> <span class='ocrx_word' id='word_1_232' title='bbox 2918 3136 3069 3182; x_wconf 86' lang='lat' dir='ltr'><strong>vere</strong></span> 
     </span>
     <span class='ocr_line' id='line_1_28' title="bbox 437 3204 3071 3289; baseline 0.001 -21"><span class='ocrx_word' id='word_1_233' title='bbox 437 3204 879 3288; x_wconf 89' lang='lat' dir='ltr'><strong>intelligimus,</strong></span> <span class='ocrx_word' id='word_1_234' title='bbox 924 3206 1147 3287; x_wconf 88' lang='lat' dir='ltr'><strong>oritur,</strong></span> <span class='ocrx_word' id='word_1_235' title='bbox 1194 3205 1487 3287; x_wconf 88' lang='lat' dir='ltr'><strong>sequitur</strong></span> <span class='ocrx_word' id='word_1_236' title='bbox 1533 3223 1682 3289; x_wconf 87' lang='lat' dir='ltr'><strong>ergo</strong></span> <span class='ocrx_word' id='word_1_237' title='bbox 1727 3205 1869 3287; x_wconf 88' lang='lat' dir='ltr'><strong>ipsa</strong></span> <span class='ocrx_word' id='word_1_238' title='bbox 1912 3206 1981 3268; x_wconf 91' lang='lat' dir='ltr'><strong>in</strong></span> <span class='ocrx_word' id='word_1_239' title='bbox 2027 3204 2232 3286; x_wconf 79' lang='lat' dir='ltr'><strong>nobiS,</strong></span> <span class='ocrx_word' id='word_1_240' title='bbox 2279 3213 2600 3289; x_wconf 87' lang='lat' dir='ltr'><strong>quatenus</strong></span> <span class='ocrx_word' id='word_1_241' title='bbox 2640 3208 2893 3288; x_wconf 87' lang='lat' dir='ltr'><strong>agimus</strong></span> <span class='ocrx_word' id='word_1_242' title='bbox 2937 3207 3071 3289; x_wconf 81' lang='lat' dir='ltr'><strong>(per</strong></span> 
     </span>
     <span class='ocr_line' id='line_1_29' title="bbox 438 3291 3070 3378; baseline -0 -20"><span class='ocrx_word' id='word_1_243' title='bbox 438 3293 634 3378; x_wconf 83' lang='lat' dir='ltr'><strong>Prop.</strong></span> <span class='ocrx_word' id='word_1_244' title='bbox 681 3293 740 3358; x_wconf 90' lang='lat'><strong>1.</strong></span> <span class='ocrx_word' id='word_1_245' title='bbox 769 3291 816 3371; x_wconf 83' lang='lat'><strong>1)</strong></span> <span class='ocrx_word' id='word_1_246' title='bbox 859 3313 921 3377; x_wconf 94' lang='grc' dir='ltr'><strong>Ρ.</strong></span> <span class='ocrx_word' id='word_1_247' title='bbox 969 3293 1070 3374; x_wconf 87' lang='grc'><strong>3.),</strong></span> <span class='ocrx_word' id='word_1_248' title='bbox 1117 3299 1310 3378; x_wconf 88' lang='lat' dir='ltr'><strong>atque</strong></span> <span class='ocrx_word' id='word_1_249' title='bbox 1355 3294 1514 3356; x_wconf 88' lang='lat' dir='ltr'><strong>adeo</strong></span> <span class='ocrx_word' id='word_1_250' title='bbox 1559 3312 1672 3376; x_wconf 91' lang='lat' dir='ltr'><strong>per</strong></span> <span class='ocrx_word' id='word_1_251' title='bbox 1717 3293 1921 3357; x_wconf 88' lang='lat' dir='ltr'><strong>solam</strong></span> <span class='ocrx_word' id='word_1_252' title='bbox 1967 3301 2251 3358; x_wconf 91' lang='lat' dir='ltr'><strong>nostram</strong></span> <span class='ocrx_word' id='word_1_253' title='bbox 2292 3296 2633 3374; x_wconf 84' lang='lat' dir='ltr'><strong>essentiam</strong></span> <span class='ocrx_word' id='word_1_254' title='bbox 2676 3293 2861 3359; x_wconf 90' lang='lat' dir='ltr'><strong>debet</strong></span> <span class='ocrx_word' id='word_1_255' title='bbox 2884 3295 3070 3359; x_wconf 90' lang='lat' dir='ltr'><strong>intel-</strong></span> 
     </span>
     <span class='ocr_line' id='line_1_30' title="bbox 438 3381 3069 3467; baseline 0.002 -22"><span class='ocrx_word' id='word_1_256' title='bbox 438 3383 554 3467; x_wconf 90' lang='lat' dir='ltr'><strong>ligi</strong></span> <span class='ocrx_word' id='word_1_257' title='bbox 601 3384 736 3467; x_wconf 83' lang='lat' dir='ltr'><strong>(per</strong></span> <span class='ocrx_word' id='word_1_258' title='bbox 779 3381 989 3464; x_wconf 82' lang='lat' dir='ltr'><strong>Defin.</strong></span> <span class='ocrx_word' id='word_1_259' title='bbox 1038 3382 1098 3445; x_wconf 80' lang='lat'><strong>2.</strong></span> <span class='ocrx_word' id='word_1_260' title='bbox 1143 3401 1205 3465; x_wconf 93' lang='grc' dir='ltr'><strong>Ρ.</strong></span> <span class='ocrx_word' id='word_1_261' title='bbox 1254 3382 1369 3462; x_wconf 86' lang='grc'><strong>3.);</strong></span> <span class='ocrx_word' id='word_1_262' title='bbox 1419 3387 1481 3446; x_wconf 93' lang='lat' dir='ltr'><strong>et</strong></span> <span class='ocrx_word' id='word_1_263' title='bbox 1527 3389 1995 3467; x_wconf 89' lang='lat' dir='ltr'><strong>consequenter</strong></span> <span class='ocrx_word' id='word_1_264' title='bbox 2041 3388 2176 3466; x_wconf 80' lang='lat' dir='ltr'><strong>(per</strong></span> <span class='ocrx_word' id='word_1_265' title='bbox 2221 3382 2409 3466; x_wconf 82' lang='lat' dir='ltr'><strong>Prop.</strong></span> <span class='ocrx_word' id='word_1_266' title='bbox 2458 3382 2515 3447; x_wconf 90' lang='grc'><strong>7.</strong></span> <span class='ocrx_word' id='word_1_267' title='bbox 2557 3403 2618 3467; x_wconf 93' lang='grc' dir='ltr'><strong>Ρ.</strong></span> <span class='ocrx_word' id='word_1_268' title='bbox 2667 3382 2753 3461; x_wconf 92' lang='grc'><strong>3.)</strong></span> <span class='ocrx_word' id='word_1_269' title='bbox 2790 3386 2929 3465; x_wconf 88' lang='lat' dir='ltr'><strong>ejus</strong></span> <span class='ocrx_word' id='word_1_270' title='bbox 2970 3385 3069 3449; x_wconf 88' lang='lat' dir='ltr'><strong>vis</strong></span> 
     </span>
     <span class='ocr_line' id='line_1_31' title="bbox 441 3470 3070 3556; baseline 0 -20"><span class='ocrx_word' id='word_1_271' title='bbox 441 3478 503 3536; x_wconf 92' lang='lat' dir='ltr'><strong>et</strong></span> <span class='ocrx_word' id='word_1_272' title='bbox 548 3474 1017 3537; x_wconf 90' lang='lat' dir='ltr'><strong>incrementum</strong></span> <span class='ocrx_word' id='word_1_273' title='bbox 1064 3472 1199 3535; x_wconf 71' lang='lat' dir='ltr'><strong>sola</strong></span> <span class='ocrx_word' id='word_1_274' title='bbox 1244 3473 1529 3536; x_wconf 69' lang='lat' dir='ltr'><strong>humana</strong></span> <span class='ocrx_word' id='word_1_275' title='bbox 1571 3474 1854 3555; x_wconf 71' lang='lat' dir='ltr'><strong>potentia</strong></span> <span class='ocrx_word' id='word_1_276' title='bbox 1901 3472 2151 3537; x_wconf 89' lang='lat' dir='ltr'><strong>definiri</strong></span> <span class='ocrx_word' id='word_1_277' title='bbox 2188 3471 2389 3538; x_wconf 89' lang='lat' dir='ltr'><strong>debet.</strong></span> <span class='ocrx_word' id='word_1_278' title='bbox 2432 3472 2631 3536; x_wconf 91' lang='lat' dir='ltr'><strong>Porro</strong></span> <span class='ocrx_word' id='word_1_279' title='bbox 2658 3470 3070 3556; x_wconf 80' lang='lat' dir='ltr'><strong>CupiditateS,</strong></span> 
     </span>
     <span class='ocr_line' id='line_1_32' title="bbox 440 3559 3066 3646; baseline 0.001 -21"><span class='ocrx_word' id='word_1_280' title='bbox 440 3580 589 3645; x_wconf 76' lang='lat' dir='ltr'><strong>quae</strong></span> <span class='ocrx_word' id='word_1_281' title='bbox 659 3581 741 3627; x_wconf 88' lang='lat' dir='ltr'><strong>ex</strong></span> <span class='ocrx_word' id='word_1_282' title='bbox 812 3560 1161 3643; x_wconf 77' lang='lat' dir='ltr'><strong>affectibuS,</strong></span> <span class='ocrx_word' id='word_1_283' title='bbox 1232 3561 1472 3646; x_wconf 91' lang='lat' dir='ltr'><strong>quibus</strong></span> <span class='ocrx_word' id='word_1_284' title='bbox 1531 3559 1994 3643; x_wconf 88' lang='lat' dir='ltr'><strong>conflictamur,</strong></span> <span class='ocrx_word' id='word_1_285' title='bbox 2057 3562 2372 3645; x_wconf 88' lang='lat' dir='ltr'><strong>oriuntur,</strong></span> <span class='ocrx_word' id='word_1_286' title='bbox 2432 3581 2507 3625; x_wconf 93' lang='lat' dir='ltr'><strong>eo</strong></span> <span class='ocrx_word' id='word_1_287' title='bbox 2554 3562 2746 3626; x_wconf 88' lang='lat' dir='ltr'><strong>etiam</strong></span> <span class='ocrx_word' id='word_1_288' title='bbox 2794 3563 3066 3644; x_wconf 88' lang='lat' dir='ltr'><strong>majores</strong></span> 
     </span>
     <span class='ocr_line' id='line_1_33' title="bbox 441 3649 3070 3735; baseline 0 -20"><span class='ocrx_word' id='word_1_289' title='bbox 441 3656 613 3732; x_wconf 88' lang='lat' dir='ltr'><strong>sunt,</strong></span> <span class='ocrx_word' id='word_1_290' title='bbox 681 3670 810 3734; x_wconf 88' lang='lat' dir='ltr'><strong>quo</strong></span> <span class='ocrx_word' id='word_1_291' title='bbox 869 3651 938 3715; x_wconf 88' lang='lat' dir='ltr'><strong>hi</strong></span> <span class='ocrx_word' id='word_1_292' title='bbox 998 3649 1265 3715; x_wconf 87' lang='lat' dir='ltr'><strong>affectus</strong></span> <span class='ocrx_word' id='word_1_293' title='bbox 1325 3650 1830 3715; x_wconf 86' lang='lat' dir='ltr'><strong>vehementiores</strong></span> <span class='ocrx_word' id='word_1_294' title='bbox 1876 3655 2100 3731; x_wconf 82' lang='lat' dir='ltr'><strong>erunt3</strong></span> <span class='ocrx_word' id='word_1_295' title='bbox 2149 3657 2342 3735; x_wconf 90' lang='lat' dir='ltr'><strong>atque</strong></span> <span class='ocrx_word' id='word_1_296' title='bbox 2387 3651 2544 3714; x_wconf 86' lang='lat' dir='ltr'><strong>adeo</strong></span> <span class='ocrx_word' id='word_1_297' title='bbox 2591 3668 2812 3714; x_wconf 90' lang='lat' dir='ltr'><strong>earum</strong></span> <span class='ocrx_word' id='word_1_298' title='bbox 2863 3653 2961 3715; x_wconf 86' lang='lat' dir='ltr'><strong>vis</strong></span> <span class='ocrx_word' id='word_1_299' title='bbox 3006 3659 3070 3716; x_wconf 90' lang='lat' dir='ltr'><strong>et</strong></span> 
     </span>
     <span class='ocr_line' id='line_1_34' title="bbox 440 3738 3069 3823; baseline 0.001 -20"><span class='ocrx_word' id='word_1_300' title='bbox 440 3742 909 3805; x_wconf 89' lang='lat' dir='ltr'><strong>incrementum</strong></span> <span class='ocrx_word' id='word_1_301' title='bbox 949 3741 1083 3823; x_wconf 79' lang='lat' dir='ltr'><strong>(per</strong></span> <span class='ocrx_word' id='word_1_302' title='bbox 1120 3738 1313 3823; x_wconf 81' lang='lat' dir='ltr'><strong>Prop.</strong></span> <span class='ocrx_word' id='word_1_303' title='bbox 1341 3740 1399 3802; x_wconf 89' lang='lat'><strong>5.</strong></span> <span class='ocrx_word' id='word_1_304' title='bbox 1424 3738 1636 3821; x_wconf 79' lang='lat' dir='ltr'><strong>hujus)</strong></span> <span class='ocrx_word' id='word_1_305' title='bbox 1675 3742 1961 3823; x_wconf 69' lang='lat' dir='ltr'><strong>potentia</strong></span> <span class='ocrx_word' id='word_1_306' title='bbox 1997 3759 2337 3805; x_wconf 88' lang='lat' dir='ltr'><strong>causarum</strong></span> <span class='ocrx_word' id='word_1_307' title='bbox 2378 3744 2790 3805; x_wconf 82' lang='lat' dir='ltr'><strong>externarum</strong></span> <span class='ocrx_word' id='word_1_308' title='bbox 2818 3739 3069 3805; x_wconf 91' lang='lat' dir='ltr'><strong>definiri</strong></span> 
     </span>
     <span class='ocr_line' id='line_1_35' title="bbox 443 3827 3068 3914; baseline 0.001 -21"><span class='ocrx_word' id='word_1_309' title='bbox 443 3827 650 3910; x_wconf 89' lang='lat' dir='ltr'><strong>debet,</strong></span> <span class='ocrx_word' id='word_1_310' title='bbox 718 3847 886 3914; x_wconf 78' lang='lat' dir='ltr'><strong>quae,</strong></span> <span class='ocrx_word' id='word_1_311' title='bbox 955 3830 1010 3892; x_wconf 91' lang='lat' dir='ltr'><strong>si</strong></span> <span class='ocrx_word' id='word_1_312' title='bbox 1071 3847 1220 3892; x_wconf 92' lang='lat' dir='ltr'><strong>cum</strong></span> <span class='ocrx_word' id='word_1_313' title='bbox 1284 3833 1502 3892; x_wconf 87' lang='lat' dir='ltr'><strong>nostra</strong></span> <span class='ocrx_word' id='word_1_314' title='bbox 1547 3835 1968 3912; x_wconf 87' lang='lat' dir='ltr'><strong>comparetur,</strong></span> <span class='ocrx_word' id='word_1_315' title='bbox 2014 3834 2297 3893; x_wconf 88' lang='lat' dir='ltr'><strong>nostram</strong></span> <span class='ocrx_word' id='word_1_316' title='bbox 2344 3830 2691 3913; x_wconf 88' lang='lat' dir='ltr'><strong>potentiam</strong></span> <span class='ocrx_word' id='word_1_317' title='bbox 2736 3829 3068 3895; x_wconf 88' lang='lat' dir='ltr'><strong>indefinite</strong></span> 
     </span>
     <span class='ocr_line' id='line_1_36' title="bbox 441 3916 3067 4003; baseline -0 -21"><span class='ocrx_word' id='word_1_318' title='bbox 441 3922 701 4001; x_wconf 87' lang='lat' dir='ltr'><strong>superat</strong></span> <span class='ocrx_word' id='word_1_319' title='bbox 759 3927 894 4001; x_wconf 81' lang='lat' dir='ltr'><strong>(per</strong></span> <span class='ocrx_word' id='word_1_320' title='bbox 938 3916 1133 4001; x_wconf 83' lang='lat' dir='ltr'><strong>Prop.</strong></span> <span class='ocrx_word' id='word_1_321' title='bbox 1182 3918 1241 3981; x_wconf 89' lang='lat'><strong>3.</strong></span> <span class='ocrx_word' id='word_1_322' title='bbox 1287 3916 1537 4000; x_wconf 78' lang='lat' dir='ltr'><strong>hujus):</strong></span> <span class='ocrx_word' id='word_1_323' title='bbox 1599 3924 1791 4002; x_wconf 88' lang='lat' dir='ltr'><strong>atque</strong></span> <span class='ocrx_word' id='word_1_324' title='bbox 1854 3919 2013 3983; x_wconf 89' lang='lat' dir='ltr'><strong>adeo</strong></span> <span class='ocrx_word' id='word_1_325' title='bbox 2059 3917 2470 4002; x_wconf 89' lang='lat' dir='ltr'><strong>Cupiditates‚</strong></span> <span class='ocrx_word' id='word_1_326' title='bbox 2520 3937 2668 4003; x_wconf 85' lang='lat' dir='ltr'><strong>quae</strong></span> <span class='ocrx_word' id='word_1_327' title='bbox 2715 3936 2797 3982; x_wconf 85' lang='lat' dir='ltr'><strong>ex</strong></span> <span class='ocrx_word' id='word_1_328' title='bbox 2845 3919 3067 3982; x_wconf 90' lang='lat' dir='ltr'><strong>simili-</strong></span> 
     </span>
     <span class='ocr_line' id='line_1_37' title="bbox 440 4006 3068 4091; baseline 0.001 -21"><span class='ocrx_word' id='word_1_329' title='bbox 440 4007 565 4071; x_wconf 91' lang='lat' dir='ltr'><strong>bus</strong></span> <span class='ocrx_word' id='word_1_330' title='bbox 611 4006 944 4072; x_wconf 87' lang='lat' dir='ltr'><strong>affectibus</strong></span> <span class='ocrx_word' id='word_1_331' title='bbox 991 4009 1308 4088; x_wconf 88' lang='lat' dir='ltr'><strong>oriuntur,</strong></span> <span class='ocrx_word' id='word_1_332' title='bbox 1354 4008 1868 4072; x_wconf 84' lang='lat' dir='ltr'><strong>vehementiores</strong></span> <span class='ocrx_word' id='word_1_333' title='bbox 1914 4026 2056 4072; x_wconf 93' lang='lat' dir='ltr'><strong>esse</strong></span> <span class='ocrx_word' id='word_1_334' title='bbox 2103 4013 2378 4091; x_wconf 90' lang='lat' dir='ltr'><strong>possunt</strong></span> <span class='ocrx_word' id='word_1_335' title='bbox 2423 4007 2551 4090; x_wconf 72' lang='lat' dir='ltr'><strong>illa,</strong></span> <span class='ocrx_word' id='word_1_336' title='bbox 2598 4026 2746 4090; x_wconf 79' lang='lat' dir='ltr'><strong>quae</strong></span> <span class='ocrx_word' id='word_1_337' title='bbox 2794 4026 2876 4072; x_wconf 86' lang='lat' dir='ltr'><strong>ex</strong></span> <span class='ocrx_word' id='word_1_338' title='bbox 2916 4027 3068 4072; x_wconf 84' lang='lat' dir='ltr'><strong>vera</strong></span> 
     </span>
     <span class='ocr_line' id='line_1_38' title="bbox 441 4094 3066 4181; baseline 0.001 -23"><span class='ocrx_word' id='word_1_339' title='bbox 441 4095 594 4159; x_wconf 90' lang='lat' dir='ltr'><strong>boni</strong></span> <span class='ocrx_word' id='word_1_340' title='bbox 640 4101 703 4160; x_wconf 88' lang='lat' dir='ltr'><strong>et</strong></span> <span class='ocrx_word' id='word_1_341' title='bbox 749 4097 899 4160; x_wconf 88' lang='lat' dir='ltr'><strong>mali</strong></span> <span class='ocrx_word' id='word_1_342' title='bbox 946 4097 1309 4179; x_wconf 90' lang='lat' dir='ltr'><strong>cognitione</strong></span> <span class='ocrx_word' id='word_1_343' title='bbox 1354 4097 1576 4178; x_wconf 89' lang='lat' dir='ltr'><strong>oritur,</strong></span> <span class='ocrx_word' id='word_1_344' title='bbox 1621 4116 1695 4160; x_wconf 88' lang='lat' dir='ltr'><strong>ac</strong></span> <span class='ocrx_word' id='word_1_345' title='bbox 1738 4097 2006 4180; x_wconf 89' lang='lat' dir='ltr'><strong>proinde</strong></span> <span class='ocrx_word' id='word_1_346' title='bbox 2045 4098 2194 4181; x_wconf 84' lang='lat' dir='ltr'><strong>(per</strong></span> <span class='ocrx_word' id='word_1_347' title='bbox 2233 4097 2425 4180; x_wconf 82' lang='lat' dir='ltr'><strong>Prop.</strong></span> <span class='ocrx_word' id='word_1_348' title='bbox 2468 4097 2525 4160; x_wconf 86' lang='lat'><strong>7.</strong></span> <span class='ocrx_word' id='word_1_349' title='bbox 2564 4094 2777 4180; x_wconf 75' lang='lat' dir='ltr'><strong>hujus)</strong></span> <span class='ocrx_word' id='word_1_350' title='bbox 2802 4097 3066 4161; x_wconf 88' lang='lat' dir='ltr'><strong>eandem</strong></span> 
     </span>
     <span class='ocr_line' id='line_1_39' title="bbox 438 4183 2057 4269; baseline -0.001 -20"><span class='ocrx_word' id='word_1_351' title='bbox 438 4189 731 4250; x_wconf 71' lang='lat' dir='ltr'><strong>coercere</strong></span> <span class='ocrx_word' id='word_1_352' title='bbox 776 4186 881 4249; x_wconf 84' lang='lat' dir='ltr'><strong>vel</strong></span> <span class='ocrx_word' id='word_1_353' title='bbox 924 4187 1319 4269; x_wconf 91' lang='lat' dir='ltr'><strong>restinguere</strong></span> <span class='ocrx_word' id='word_1_354' title='bbox 1365 4191 1680 4268; x_wconf 89' lang='lat' dir='ltr'><strong>poterunt.</strong></span> <span class='ocrx_word' id='word_1_355' title='bbox 1732 4183 1801 4264; x_wconf 77' lang='lat' dir='ltr'><strong>Q.</strong></span> <span class='ocrx_word' id='word_1_356' title='bbox 1848 4185 1927 4249; x_wconf 89' lang='lat' dir='ltr'><strong>E.</strong></span> <span class='ocrx_word' id='word_1_357' title='bbox 1975 4183 2057 4248; x_wconf 93' lang='lat' dir='ltr'><strong>D.</strong></span> 
     </span>
    </p>
   </div>
   <div class='ocr_carea' id='block_1_10' title="bbox 1274 4321 2238 4388">
    <p class='ocr_par' dir='ltr' id='par_1_11' title="bbox 1274 4321 2238 4388">
     <span class='ocr_line' id='line_1_40' title="bbox 1274 4321 2238 4388; baseline 0.002 -2"><span class='ocrx_word' id='word_1_358' title='bbox 1274 4321 1968 4387; x_wconf 82' lang='lat' dir='ltr'>PROPOSITIO</span> <span class='ocrx_word' id='word_1_359' title='bbox 2058 4322 2238 4388; x_wconf 89' lang='lat' dir='ltr'><strong><em>XVI.</em></strong></span> 
     </span>
    </p>
   </div>
   <div class='ocr_carea' id='block_1_11' title="bbox 436 4434 3068 4699">
    <p class='ocr_par' dir='ltr' id='par_1_12' title="bbox 436 4434 3068 4699">
     <span class='ocr_line' id='line_1_41' title="bbox 532 4434 3068 4524; baseline 0.001 -25"><span class='ocrx_word' id='word_1_360' title='bbox 532 4434 883 4515; x_wconf 51' lang='lat' dir='ltr'><strong>Cupiditas</strong></span> <span class='ocrx_word' id='word_1_361' title='bbox 950 4455 1091 4521; x_wconf 81' lang='lat' dir='ltr'><strong>quoe</strong></span> <span class='ocrx_word' id='word_1_362' title='bbox 1154 4456 1230 4501; x_wconf 79' lang='lat' dir='ltr'><strong>ex</strong></span> <span class='ocrx_word' id='word_1_363' title='bbox 1295 4438 1636 4521; x_wconf 75' lang='lat' dir='ltr'><strong>coquitione</strong></span> <span class='ocrx_word' id='word_1_364' title='bbox 1701 4436 1847 4502; x_wconf 82' lang='lat' dir='ltr'><strong>boni</strong></span> <span class='ocrx_word' id='word_1_365' title='bbox 1912 4445 1968 4502; x_wconf 90' lang='lat' dir='ltr'><strong>et</strong></span> <span class='ocrx_word' id='word_1_366' title='bbox 2026 4436 2197 4520; x_wconf 85' lang='lat' dir='ltr'><strong>mali,</strong></span> <span class='ocrx_word' id='word_1_367' title='bbox 2257 4443 2570 4524; x_wconf 81' lang='lat' dir='ltr'><strong>quatenus</strong></span> <span class='ocrx_word' id='word_1_368' title='bbox 2627 4437 2756 4502; x_wconf 78' lang='lat' dir='ltr'><strong>hoec</strong></span> <span class='ocrx_word' id='word_1_369' title='bbox 2800 4438 3068 4520; x_wconf 76' lang='lat' dir='ltr'><strong>coynitio</strong></span> 
     </span>
     <span class='ocr_line' id='line_1_42' title="bbox 438 4525 3067 4612; baseline 0.001 -24"><span class='ocrx_word' id='word_1_370' title='bbox 438 4526 737 4609; x_wconf 85' lang='lat' dir='ltr'><strong>futurum</strong></span> <span class='ocrx_word' id='word_1_371' title='bbox 803 4526 1074 4609; x_wconf 80' lang='lat' dir='ltr'><strong>respicit,</strong></span> <span class='ocrx_word' id='word_1_372' title='bbox 1130 4526 1351 4609; x_wconf 87' lang='lat' dir='ltr'><strong>oritur,</strong></span> <span class='ocrx_word' id='word_1_373' title='bbox 1412 4525 1673 4610; x_wconf 79' lang='lat' dir='ltr'><strong>facilius</strong></span> <span class='ocrx_word' id='word_1_374' title='bbox 1733 4546 1944 4591; x_wconf 89' lang='lat' dir='ltr'><strong>rerum</strong></span> <span class='ocrx_word' id='word_1_375' title='bbox 2008 4525 2381 4611; x_wconf 71' lang='lat' dir='ltr'><strong>eupiditate,</strong></span> <span class='ocrx_word' id='word_1_376' title='bbox 2425 4546 2568 4612; x_wconf 82' lang='lat' dir='ltr'><strong>quoe</strong></span> <span class='ocrx_word' id='word_1_377' title='bbox 2615 4526 2684 4591; x_wconf 81' lang='lat' dir='ltr'><strong>in</strong></span> <span class='ocrx_word' id='word_1_378' title='bbox 2724 4526 3067 4611; x_wconf 72' lang='lat' dir='ltr'><strong>praesentia</strong></span> 
     </span>
     <span class='ocr_line' id='line_1_43' title="bbox 436 4615 1911 4699; baseline 0.001 -20"><span class='ocrx_word' id='word_1_379' title='bbox 436 4634 664 4680; x_wconf 79' lang='lat' dir='ltr'><strong>suaves</strong></span> <span class='ocrx_word' id='word_1_380' title='bbox 707 4621 873 4695; x_wconf 87' lang='lat' dir='ltr'><strong>sunt,</strong></span> <span class='ocrx_word' id='word_1_381' title='bbox 913 4615 1177 4680; x_wconf 64' lang='lat' dir='ltr'><strong>coerceri</strong></span> <span class='ocrx_word' id='word_1_382' title='bbox 1216 4615 1309 4680; x_wconf 81' lang='lat' dir='ltr'><strong>vel</strong></span> <span class='ocrx_word' id='word_1_383' title='bbox 1352 4616 1661 4699; x_wconf 77' lang='lat' dir='ltr'><strong>restinyui</strong></span> <span class='ocrx_word' id='word_1_384' title='bbox 1698 4620 1911 4696; x_wconf 81' lang='lat' dir='ltr'><strong>potest.</strong></span> 
     </span>
    </p>
   </div>
   <div class='ocr_carea' id='block_1_12' title="bbox 444 4794 737 4805">
    <p class='ocr_par' dir='ltr' id='par_1_13' title="bbox 444 4794 737 4805">
     <span class='ocr_line' id='line_1_44' title="bbox 444 4794 737 4805; baseline 0 0"><span class='ocrx_word' id='word_1_385' title='bbox 444 4794 737 4805; x_wconf 95' lang='lat' dir='ltr'><strong> </strong></span> 
     </span>
    </p>
   </div>
   <div class='ocr_carea' id='block_1_13' title="bbox 504 4897 1644 4966">
    <p class='ocr_par' dir='ltr' id='par_1_14' title="bbox 504 4897 1644 4966">
     <span class='ocr_line' id='line_1_45' title="bbox 504 4897 1644 4966; baseline 0.002 -17"><span class='ocrx_word' id='word_1_386' title='bbox 504 4897 567 4964; x_wconf 83' lang='lat'><strong>1)</strong></span> <span class='ocrx_word' id='word_1_387' title='bbox 597 4897 842 4965; x_wconf 82' lang='lat' dir='ltr'><strong>Sigwart.</strong></span> <span class='ocrx_word' id='word_1_388' title='bbox 877 4926 942 4935; x_wconf 91' lang='lat'><em>-</em></span> <span class='ocrx_word' id='word_1_389' title='bbox 976 4897 1071 4949; x_wconf 90' lang='lat' dir='ltr'><strong>Ed.</strong></span> <span class='ocrx_word' id='word_1_390' title='bbox 1106 4898 1223 4950; x_wconf 88' lang='lat' dir='ltr'><strong>Pr.:</strong></span> <span class='ocrx_word' id='word_1_391' title='bbox 1258 4913 1357 4966; x_wconf 80' lang='lat' dir='ltr'><strong>per</strong></span> <span class='ocrx_word' id='word_1_392' title='bbox 1389 4897 1559 4966; x_wconf 79' lang='lat' dir='ltr'><strong>Prop.</strong></span> <span class='ocrx_word' id='word_1_393' title='bbox 1594 4901 1644 4951; x_wconf 89' lang='grc'><strong>3.</strong></span> 
     </span>
    </p>
   </div>
  </div>
 </body>
</html>
