<?xml version="1.0" encoding="UTF-8"?>
<!DOCTYPE html PUBLIC "-//W3C//DTD XHTML 1.0 Transitional//EN"
    "http://www.w3.org/TR/xhtml1/DTD/xhtml1-transitional.dtd">
<html xmlns="http://www.w3.org/1999/xhtml" xml:lang="en" lang="en">
 <head>
  <title>
</title>
<meta http-equiv="Content-Type" content="text/html;charset=utf-8" />
  <meta name='ocr-system' content='tesseract 3.04.00' />
  <meta name='ocr-capabilities' content='ocr_page ocr_carea ocr_par ocr_line ocrx_word'/>
</head>
<body>
  <div class='ocr_page' id='page_1' title='image "./ethica00unkngoog_0032.png"; bbox 0 0 3609 5642; ppageno 0'>
   <div class='ocr_carea' id='block_1_1' title="bbox 582 515 2146 580">
    <p class='ocr_par' dir='ltr' id='par_1_1' title="bbox 582 515 2146 580">
     <span class='ocr_line' id='line_1_1' title="bbox 582 515 2146 580; baseline -0.001 0"><span class='ocrx_word' id='word_1_1' title='bbox 582 515 666 580; x_wconf 89' lang='lat'><strong>18</strong></span> <span class='ocrx_word' id='word_1_2' title='bbox 1617 531 1866 579; x_wconf 73' lang='lat' dir='ltr'><strong>mons</strong></span> <span class='ocrx_word' id='word_1_3' title='bbox 1909 532 2064 580; x_wconf 62' lang='lat' dir='ltr'><strong>runs</strong></span> <span class='ocrx_word' id='word_1_4' title='bbox 2106 534 2146 579; x_wconf 93' lang='lat'><strong>1.</strong></span> 
     </span>
    </p>
   </div>
   <div class='ocr_carea' id='block_1_2' title="bbox 577 699 3196 1938">
    <p class='ocr_par' dir='ltr' id='par_1_2' title="bbox 577 699 3196 1938">
     <span class='ocr_line' id='line_1_2' title="bbox 577 699 3194 787; baseline 0 -20"><span class='ocrx_word' id='word_1_5' title='bbox 577 702 773 787; x_wconf 81' lang='lat' dir='ltr'><strong>Prop.</strong></span> <span class='ocrx_word' id='word_1_6' title='bbox 837 701 982 782; x_wconf 85' lang='lat'><strong>21.).</strong></span> <span class='ocrx_word' id='word_1_7' title='bbox 1031 699 1271 766; x_wconf 80' lang='lat' dir='ltr'>Debuit</span> <span class='ocrx_word' id='word_1_8' title='bbox 1315 719 1465 785; x_wconf 89' lang='lat' dir='ltr'><strong>ergo</strong></span> <span class='ocrx_word' id='word_1_9' title='bbox 1508 719 1593 767; x_wconf 89' lang='lat' dir='ltr'><strong>ex</strong></span> <span class='ocrx_word' id='word_1_10' title='bbox 1635 699 1794 784; x_wconf 87' lang='lat' dir='ltr'><strong>Deo,</strong></span> <span class='ocrx_word' id='word_1_11' title='bbox 1840 700 1944 765; x_wconf 82' lang='lat' dir='ltr'><strong>vel</strong></span> <span class='ocrx_word' id='word_1_12' title='bbox 1988 700 2205 785; x_wconf 86' lang='lat' dir='ltr'><strong>aliquo</strong></span> <span class='ocrx_word' id='word_1_13' title='bbox 2250 703 2389 785; x_wconf 91' lang='lat' dir='ltr'><strong>ejus</strong></span> <span class='ocrx_word' id='word_1_14' title='bbox 2435 700 2740 766; x_wconf 87' lang='lat' dir='ltr'><strong>attributo</strong></span> <span class='ocrx_word' id='word_1_15' title='bbox 2785 704 2991 787; x_wconf 86' lang='lat' dir='ltr'><strong>sequi,</strong></span> <span class='ocrx_word' id='word_1_16' title='bbox 3034 722 3194 787; x_wconf 89' lang='lat' dir='ltr'><strong>qua-</strong></span> 
     </span>
     <span class='ocr_line' id='line_1_3' title="bbox 577 789 3196 875; baseline 0 -19"><span class='ocrx_word' id='word_1_17' title='bbox 577 798 767 857; x_wconf 83' lang='lat' dir='ltr'><strong>tenus</strong></span> <span class='ocrx_word' id='word_1_18' title='bbox 810 792 1024 874; x_wconf 89' lang='lat' dir='ltr'><strong>aliquo</strong></span> <span class='ocrx_word' id='word_1_19' title='bbox 1071 789 1260 854; x_wconf 94' lang='lat' dir='ltr'><strong>modo</strong></span> <span class='ocrx_word' id='word_1_20' title='bbox 1304 790 1599 854; x_wconf 83' lang='lat' dir='ltr'><strong>affectum</strong></span> <span class='ocrx_word' id='word_1_21' title='bbox 1645 789 2118 870; x_wconf 87' lang='lat' dir='ltr'><strong>consideratur;</strong></span> <span class='ocrx_word' id='word_1_22' title='bbox 2167 797 2396 875; x_wconf 79' lang='lat' dir='ltr'><strong>praeter</strong></span> <span class='ocrx_word' id='word_1_23' title='bbox 2440 793 2612 856; x_wconf 94' lang='lat' dir='ltr'><strong>enim</strong></span> <span class='ocrx_word' id='word_1_24' title='bbox 2658 790 3079 857; x_wconf 78' lang='lat' dir='ltr'><strong>substantiam</strong></span> <span class='ocrx_word' id='word_1_25' title='bbox 3127 798 3196 857; x_wconf 90' lang='lat' dir='ltr'><strong>et</strong></span> 
     </span>
     <span class='ocr_line' id='line_1_4' title="bbox 581 875 3192 965; baseline -0.001 -19"><span class='ocrx_word' id='word_1_26' title='bbox 581 880 805 946; x_wconf 91' lang='lat' dir='ltr'><strong>modos</strong></span> <span class='ocrx_word' id='word_1_27' title='bbox 849 881 945 943; x_wconf 90' lang='lat' dir='ltr'><strong>nil</strong></span> <span class='ocrx_word' id='word_1_28' title='bbox 991 879 1176 944; x_wconf 89' lang='lat' dir='ltr'><strong>datur</strong></span> <span class='ocrx_word' id='word_1_29' title='bbox 1218 882 1366 962; x_wconf 80' lang='lat' dir='ltr'><strong>(per</strong></span> <span class='ocrx_word' id='word_1_30' title='bbox 1399 878 1645 944; x_wconf 71' lang='lat' dir='ltr'><strong>Axiom</strong></span> <span class='ocrx_word' id='word_1_31' title='bbox 1691 878 1746 942; x_wconf 92' lang='lat'><strong>1.</strong></span> <span class='ocrx_word' id='word_1_32' title='bbox 1791 884 1850 943; x_wconf 76' lang='lat' dir='ltr'><strong>et</strong></span> <span class='ocrx_word' id='word_1_33' title='bbox 1891 875 2105 961; x_wconf 73' lang='lat' dir='ltr'><strong>Defin.</strong></span> <span class='ocrx_word' id='word_1_34' title='bbox 2146 878 2204 942; x_wconf 84' lang='lat'><strong>3.</strong></span> <span class='ocrx_word' id='word_1_35' title='bbox 2242 886 2300 944; x_wconf 83' lang='lat' dir='ltr'><strong>et</strong></span> <span class='ocrx_word' id='word_1_36' title='bbox 2337 881 2454 960; x_wconf 85' lang='lat'><strong>5.)3</strong></span> <span class='ocrx_word' id='word_1_37' title='bbox 2495 886 2559 946; x_wconf 91' lang='lat' dir='ltr'><strong>et</strong></span> <span class='ocrx_word' id='word_1_38' title='bbox 2597 880 2767 944; x_wconf 89' lang='lat' dir='ltr'><strong>modi</strong></span> <span class='ocrx_word' id='word_1_39' title='bbox 2791 880 2947 965; x_wconf 79' lang='lat' dir='ltr'><strong>(per</strong></span> <span class='ocrx_word' id='word_1_40' title='bbox 2972 880 3192 947; x_wconf 79' lang='lat' dir='ltr'><strong>Coroll.</strong></span> 
     </span>
     <span class='ocr_line' id='line_1_5' title="bbox 577 966 3193 1053; baseline -0.001 -19"><span class='ocrx_word' id='word_1_41' title='bbox 577 968 776 1051; x_wconf 80' lang='lat' dir='ltr'><strong>Prop.</strong></span> <span class='ocrx_word' id='word_1_42' title='bbox 822 968 955 1052; x_wconf 87' lang='lat'><strong>25.)</strong></span> <span class='ocrx_word' id='word_1_43' title='bbox 999 968 1163 1032; x_wconf 83' lang='lat' dir='ltr'><strong>nihil</strong></span> <span class='ocrx_word' id='word_1_44' title='bbox 1207 973 1363 1032; x_wconf 91' lang='lat' dir='ltr'><strong>sunt</strong></span> <span class='ocrx_word' id='word_1_45' title='bbox 1402 970 1530 1032; x_wconf 92' lang='lat' dir='ltr'><strong>nisi</strong></span> <span class='ocrx_word' id='word_1_46' title='bbox 1573 966 1696 1033; x_wconf 88' lang='lat' dir='ltr'><strong>Dei</strong></span> <span class='ocrx_word' id='word_1_47' title='bbox 1740 968 2194 1033; x_wconf 80' lang='lat' dir='ltr'><strong>attributorum</strong></span> <span class='ocrx_word' id='word_1_48' title='bbox 2239 969 2623 1034; x_wconf 88' lang='lat' dir='ltr'><strong>affectiones.</strong></span> <span class='ocrx_word' id='word_1_49' title='bbox 2670 968 2762 1033; x_wconf 87' lang='lat' dir='ltr'><strong>At</strong></span> <span class='ocrx_word' id='word_1_50' title='bbox 2806 988 2890 1035; x_wconf 90' lang='lat' dir='ltr'><strong>ex</strong></span> <span class='ocrx_word' id='word_1_51' title='bbox 2910 968 3066 1053; x_wconf 88' lang='lat' dir='ltr'><strong>Deo,</strong></span> <span class='ocrx_word' id='word_1_52' title='bbox 3087 970 3193 1035; x_wconf 81' lang='lat' dir='ltr'><strong>vel</strong></span> 
     </span>
     <span class='ocr_line' id='line_1_6' title="bbox 580 1055 3192 1144; baseline 0 -21"><span class='ocrx_word' id='word_1_53' title='bbox 580 1059 796 1144; x_wconf 92' lang='lat' dir='ltr'><strong>aliquo</strong></span> <span class='ocrx_word' id='word_1_54' title='bbox 843 1060 983 1141; x_wconf 90' lang='lat' dir='ltr'><strong>ejus</strong></span> <span class='ocrx_word' id='word_1_55' title='bbox 1027 1056 1349 1140; x_wconf 88' lang='lat' dir='ltr'><strong>attribut0‚</strong></span> <span class='ocrx_word' id='word_1_56' title='bbox 1395 1061 1629 1141; x_wconf 81' lang='lat' dir='ltr'><strong>quaten</strong></span> <span class='ocrx_word' id='word_1_57' title='bbox 1638 1076 1716 1122; x_wconf 92' lang='lat' dir='ltr'><strong>us</strong></span> <span class='ocrx_word' id='word_1_58' title='bbox 1761 1055 2055 1121; x_wconf 86' lang='lat' dir='ltr'><strong>affectum</strong></span> <span class='ocrx_word' id='word_1_59' title='bbox 2103 1063 2201 1123; x_wconf 91' lang='lat' dir='ltr'><strong>est</strong></span> <span class='ocrx_word' id='word_1_60' title='bbox 2246 1057 2729 1141; x_wconf 88' lang='lat' dir='ltr'><strong>modificatione,</strong></span> <span class='ocrx_word' id='word_1_61' title='bbox 2767 1077 2912 1142; x_wconf 80' lang='lat' dir='ltr'><strong>quae</strong></span> <span class='ocrx_word' id='word_1_62' title='bbox 2955 1066 3192 1124; x_wconf 81' lang='lat' dir='ltr'><strong>aeterna</strong></span> 
     </span>
     <span class='ocr_line' id='line_1_7' title="bbox 579 1144 3191 1234; baseline -0.001 -21"><span class='ocrx_word' id='word_1_63' title='bbox 579 1154 642 1213; x_wconf 92' lang='lat' dir='ltr'><strong>et</strong></span> <span class='ocrx_word' id='word_1_64' title='bbox 707 1146 958 1212; x_wconf 87' lang='lat' dir='ltr'><strong>infinita</strong></span> <span class='ocrx_word' id='word_1_65' title='bbox 1028 1151 1143 1229; x_wconf 91' lang='lat' dir='ltr'><strong>est,</strong></span> <span class='ocrx_word' id='word_1_66' title='bbox 1209 1148 1395 1230; x_wconf 90' lang='lat' dir='ltr'><strong>sequi</strong></span> <span class='ocrx_word' id='word_1_67' title='bbox 1456 1148 1647 1212; x_wconf 92' lang='lat' dir='ltr'><strong>etiam</strong></span> <span class='ocrx_word' id='word_1_68' title='bbox 1692 1165 1823 1210; x_wconf 91' lang='lat' dir='ltr'><strong>non</strong></span> <span class='ocrx_word' id='word_1_69' title='bbox 1870 1148 2080 1230; x_wconf 92' lang='lat' dir='ltr'><strong>potuit</strong></span> <span class='ocrx_word' id='word_1_70' title='bbox 2124 1153 2143 1226; x_wconf 91' lang='lat'><strong>(</strong></span> <span class='ocrx_word' id='word_1_71' title='bbox 2153 1167 2278 1231; x_wconf 79' lang='lat' dir='ltr'><strong>per</strong></span> <span class='ocrx_word' id='word_1_72' title='bbox 2321 1144 2516 1234; x_wconf 80' lang='lat' dir='ltr'><strong>Prop.</strong></span> <span class='ocrx_word' id='word_1_73' title='bbox 2562 1146 2709 1225; x_wconf 92' lang='grc'><strong>22.).</strong></span> <span class='ocrx_word' id='word_1_74' title='bbox 2757 1145 2993 1213; x_wconf 85' lang='lat' dir='ltr'><strong>Debuit</strong></span> <span class='ocrx_word' id='word_1_75' title='bbox 3038 1167 3191 1232; x_wconf 91' lang='lat' dir='ltr'><strong>ergo</strong></span> 
     </span>
     <span class='ocr_line' id='line_1_8' title="bbox 579 1234 3191 1322; baseline -0.001 -19"><span class='ocrx_word' id='word_1_76' title='bbox 579 1239 783 1322; x_wconf 88' lang='lat' dir='ltr'><strong>sequi,</strong></span> <span class='ocrx_word' id='word_1_77' title='bbox 829 1237 931 1301; x_wconf 83' lang='lat' dir='ltr'><strong>vel</strong></span> <span class='ocrx_word' id='word_1_78' title='bbox 974 1234 1056 1300; x_wconf 88' lang='lat' dir='ltr'><strong>ad</strong></span> <span class='ocrx_word' id='word_1_79' title='bbox 1100 1235 1506 1302; x_wconf 84' lang='lat' dir='ltr'><strong>existendum</strong></span> <span class='ocrx_word' id='word_1_80' title='bbox 1551 1244 1614 1301; x_wconf 91' lang='lat' dir='ltr'><strong>et</strong></span> <span class='ocrx_word' id='word_1_81' title='bbox 1659 1234 2042 1319; x_wconf 88' lang='lat' dir='ltr'><strong>operandam</strong></span> <span class='ocrx_word' id='word_1_82' title='bbox 2091 1236 2517 1318; x_wconf 89' lang='lat' dir='ltr'><strong>determinari,</strong></span> <span class='ocrx_word' id='word_1_83' title='bbox 2560 1255 2598 1300; x_wconf 95' lang='lat' dir='ltr'><strong>a</strong></span> <span class='ocrx_word' id='word_1_84' title='bbox 2643 1234 2780 1301; x_wconf 88' lang='lat' dir='ltr'><strong>Deo</strong></span> <span class='ocrx_word' id='word_1_85' title='bbox 2826 1237 2930 1302; x_wconf 82' lang='lat' dir='ltr'><strong>vel</strong></span> <span class='ocrx_word' id='word_1_86' title='bbox 2973 1238 3191 1321; x_wconf 92' lang='lat' dir='ltr'><strong>aliquo</strong></span> 
     </span>
     <span class='ocr_line' id='line_1_9' title="bbox 580 1323 3194 1410; baseline -0 -19"><span class='ocrx_word' id='word_1_87' title='bbox 580 1327 718 1410; x_wconf 90' lang='lat' dir='ltr'><strong>ejus</strong></span> <span class='ocrx_word' id='word_1_88' title='bbox 778 1323 1099 1398; x_wconf 86' lang='lat' dir='ltr'><strong>attribute,</strong></span> <span class='ocrx_word' id='word_1_89' title='bbox 1169 1331 1486 1409; x_wconf 88' lang='lat' dir='ltr'><strong>quatenus</strong></span> <span class='ocrx_word' id='word_1_90' title='bbox 1548 1323 1982 1389; x_wconf 89' lang='lat' dir='ltr'><strong>modificatum</strong></span> <span class='ocrx_word' id='word_1_91' title='bbox 2030 1330 2126 1389; x_wconf 92' lang='lat' dir='ltr'><strong>est</strong></span> <span class='ocrx_word' id='word_1_92' title='bbox 2171 1324 2641 1390; x_wconf 86' lang='lat' dir='ltr'><strong>modificatione</strong></span> <span class='ocrx_word' id='word_1_93' title='bbox 2686 1344 2831 1408; x_wconf 82' lang='lat' dir='ltr'><strong>quae</strong></span> <span class='ocrx_word' id='word_1_94' title='bbox 2872 1324 3052 1391; x_wconf 87' lang='lat' dir='ltr'><strong>finita</strong></span> <span class='ocrx_word' id='word_1_95' title='bbox 3097 1333 3194 1390; x_wconf 92' lang='lat' dir='ltr'><strong>est</strong></span> 
     </span>
     <span class='ocr_line' id='line_1_10' title="bbox 580 1410 3193 1499; baseline -0.001 -18"><span class='ocrx_word' id='word_1_96' title='bbox 580 1420 645 1481; x_wconf 91' lang='lat' dir='ltr'><strong>et</strong></span> <span class='ocrx_word' id='word_1_97' title='bbox 711 1414 1189 1481; x_wconf 85' lang='lat' dir='ltr'><strong>determinatam</strong></span> <span class='ocrx_word' id='word_1_98' title='bbox 1256 1411 1445 1479; x_wconf 89' lang='lat' dir='ltr'><strong>habet</strong></span> <span class='ocrx_word' id='word_1_99' title='bbox 1512 1414 1937 1477; x_wconf 83' lang='lat' dir='ltr'><strong>existentiam.</strong></span> <span class='ocrx_word' id='word_1_100' title='bbox 2000 1410 2185 1489; x_wconf 82' lang='lat' dir='ltr'><strong>Quod</strong></span> <span class='ocrx_word' id='word_1_101' title='bbox 2245 1420 2379 1480; x_wconf 89' lang='lat' dir='ltr'><strong>erat</strong></span> <span class='ocrx_word' id='word_1_102' title='bbox 2422 1415 2718 1499; x_wconf 90' lang='lat' dir='ltr'><strong>primum.</strong></span> <span class='ocrx_word' id='word_1_103' title='bbox 2763 1412 3012 1481; x_wconf 88' lang='lat' dir='ltr'><strong>Deinde</strong></span> <span class='ocrx_word' id='word_1_104' title='bbox 3055 1415 3193 1479; x_wconf 82' lang='lat' dir='ltr'><strong>haec</strong></span> 
     </span>
     <span class='ocr_line' id='line_1_11' title="bbox 579 1499 3193 1589; baseline -0.001 -19"><span class='ocrx_word' id='word_1_105' title='bbox 579 1523 808 1570; x_wconf 89' lang='lat' dir='ltr'><strong>rursus</strong></span> <span class='ocrx_word' id='word_1_106' title='bbox 846 1522 1062 1586; x_wconf 86' lang='lat' dir='ltr'><strong>causa,</strong></span> <span class='ocrx_word' id='word_1_107' title='bbox 1107 1504 1244 1568; x_wconf 81' lang='lat' dir='ltr'><strong>sive</strong></span> <span class='ocrx_word' id='word_1_108' title='bbox 1286 1502 1391 1566; x_wconf 90' lang='lat' dir='ltr'><strong>hic</strong></span> <span class='ocrx_word' id='word_1_109' title='bbox 1437 1502 1667 1567; x_wconf 92' lang='lat' dir='ltr'><strong>modus</strong></span> <span class='ocrx_word' id='word_1_110' title='bbox 1714 1499 1868 1587; x_wconf 81' lang='lat' dir='ltr'><strong>(per</strong></span> <span class='ocrx_word' id='word_1_111' title='bbox 1908 1501 2167 1568; x_wconf 72' lang='lat' dir='ltr'><strong>eandem</strong></span> <span class='ocrx_word' id='word_1_112' title='bbox 2208 1505 2514 1568; x_wconf 76' lang='lat' dir='ltr'><strong>rationem</strong></span> <span class='ocrx_word' id='word_1_113' title='bbox 2557 1523 2687 1589; x_wconf 80' lang='lat' dir='ltr'><strong>qua</strong></span> <span class='ocrx_word' id='word_1_114' title='bbox 2725 1503 3001 1587; x_wconf 79' lang='lat' dir='ltr'><strong>primam</strong></span> <span class='ocrx_word' id='word_1_115' title='bbox 3040 1523 3193 1584; x_wconf 79' lang='lat' dir='ltr'><strong>par-</strong></span> 
     </span>
     <span class='ocr_line' id='line_1_12' title="bbox 578 1590 3194 1676; baseline 0 -18"><span class='ocrx_word' id='word_1_116' title='bbox 578 1597 699 1658; x_wconf 80' lang='lat' dir='ltr'><strong>tem</strong></span> <span class='ocrx_word' id='word_1_117' title='bbox 742 1591 934 1676; x_wconf 79' lang='lat' dir='ltr'><strong>hujus</strong></span> <span class='ocrx_word' id='word_1_118' title='bbox 968 1593 1110 1676; x_wconf 82' lang='lat' dir='ltr'><strong>jam</strong></span> <span class='ocrx_word' id='word_1_119' title='bbox 1151 1610 1286 1672; x_wconf 70' lang='lat' dir='ltr'><strong>qam</strong></span> <span class='ocrx_word' id='word_1_120' title='bbox 1333 1590 1922 1676; x_wconf 76' lang='lat' dir='ltr'><strong>demonstravimus)</strong></span> <span class='ocrx_word' id='word_1_121' title='bbox 1969 1591 2189 1657; x_wconf 91' lang='lat' dir='ltr'><strong>debuit</strong></span> <span class='ocrx_word' id='word_1_122' title='bbox 2233 1594 2422 1659; x_wconf 85' lang='lat' dir='ltr'><strong>etiam</strong></span> <span class='ocrx_word' id='word_1_123' title='bbox 2473 1592 2880 1658; x_wconf 88' lang='lat' dir='ltr'><strong>determinari</strong></span> <span class='ocrx_word' id='word_1_124' title='bbox 2925 1592 3006 1658; x_wconf 88' lang='lat' dir='ltr'><strong>ab</strong></span> <span class='ocrx_word' id='word_1_125' title='bbox 3050 1592 3194 1674; x_wconf 84' lang='lat' dir='ltr'><strong>alia,</strong></span> 
     </span>
     <span class='ocr_line' id='line_1_13' title="bbox 581 1679 3195 1766; baseline 0 -20"><span class='ocrx_word' id='word_1_126' title='bbox 581 1700 727 1766; x_wconf 82' lang='lat' dir='ltr'><strong>quae</strong></span> <span class='ocrx_word' id='word_1_127' title='bbox 791 1683 1023 1746; x_wconf 88' lang='lat' dir='ltr'><strong>etiam</strong></span> <span class='ocrx_word' id='word_1_128' title='bbox 1045 1679 1225 1745; x_wconf 83' lang='lat' dir='ltr'><strong>finita</strong></span> <span class='ocrx_word' id='word_1_129' title='bbox 1291 1685 1390 1745; x_wconf 91' lang='lat' dir='ltr'><strong>est</strong></span> <span class='ocrx_word' id='word_1_130' title='bbox 1456 1686 1519 1745; x_wconf 95' lang='lat' dir='ltr'><strong>et</strong></span> <span class='ocrx_word' id='word_1_131' title='bbox 1585 1680 2067 1745; x_wconf 85' lang='lat' dir='ltr'><strong>determinatam</strong></span> <span class='ocrx_word' id='word_1_132' title='bbox 2135 1681 2326 1747; x_wconf 85' lang='lat' dir='ltr'><strong>habet</strong></span> <span class='ocrx_word' id='word_1_133' title='bbox 2387 1683 2813 1764; x_wconf 86' lang='lat' dir='ltr'><strong>existentiam,</strong></span> <span class='ocrx_word' id='word_1_134' title='bbox 2857 1689 2922 1747; x_wconf 92' lang='lat' dir='ltr'><strong>et</strong></span> <span class='ocrx_word' id='word_1_135' title='bbox 2965 1701 3195 1747; x_wconf 91' lang='lat' dir='ltr'><strong>rursus</strong></span> 
     </span>
     <span class='ocr_line' id='line_1_14' title="bbox 579 1768 3196 1855; baseline -0 -20"><span class='ocrx_word' id='word_1_136' title='bbox 579 1771 716 1835; x_wconf 82' lang='lat' dir='ltr'><strong>haec</strong></span> <span class='ocrx_word' id='word_1_137' title='bbox 760 1771 987 1835; x_wconf 84' lang='lat' dir='ltr'><strong>ultima</strong></span> <span class='ocrx_word' id='word_1_138' title='bbox 1033 1770 1055 1852; x_wconf 96' lang='lat'><strong>(</strong></span> <span class='ocrx_word' id='word_1_139' title='bbox 1065 1788 1184 1850; x_wconf 80' lang='lat' dir='ltr'><strong>per</strong></span> <span class='ocrx_word' id='word_1_140' title='bbox 1224 1768 1480 1834; x_wconf 77' lang='lat' dir='ltr'><strong>eandem</strong></span> <span class='ocrx_word' id='word_1_141' title='bbox 1522 1770 1852 1851; x_wconf 75' lang='lat' dir='ltr'><strong>rationem)</strong></span> <span class='ocrx_word' id='word_1_142' title='bbox 1898 1768 1977 1834; x_wconf 92' lang='lat' dir='ltr'><strong>ab</strong></span> <span class='ocrx_word' id='word_1_143' title='bbox 2023 1769 2167 1853; x_wconf 90' lang='lat' dir='ltr'><strong>alia,</strong></span> <span class='ocrx_word' id='word_1_144' title='bbox 2209 1775 2274 1837; x_wconf 88' lang='lat' dir='ltr'><strong>et</strong></span> <span class='ocrx_word' id='word_1_145' title='bbox 2317 1771 2412 1835; x_wconf 91' lang='lat' dir='ltr'><strong>sic</strong></span> <span class='ocrx_word' id='word_1_146' title='bbox 2458 1789 2706 1855; x_wconf 87' lang='lat' dir='ltr'><strong>semper</strong></span> <span class='ocrx_word' id='word_1_147' title='bbox 2749 1775 2894 1851; x_wconf 80' lang='lat' dir='ltr'><strong>(per</strong></span> <span class='ocrx_word' id='word_1_148' title='bbox 2935 1770 3196 1837; x_wconf 79' lang='lat' dir='ltr'><strong>eandem</strong></span> 
     </span>
     <span class='ocr_line' id='line_1_15' title="bbox 579 1855 1778 1938; baseline -0.003 -13"><span class='ocrx_word' id='word_1_149' title='bbox 579 1860 905 1938; x_wconf 76' lang='lat' dir='ltr'><strong>rationem)</strong></span> <span class='ocrx_word' id='word_1_150' title='bbox 949 1859 1020 1922; x_wconf 91' lang='lat' dir='ltr'><strong>in</strong></span> <span class='ocrx_word' id='word_1_151' title='bbox 1064 1857 1404 1922; x_wconf 81' lang='lat' dir='ltr'><strong>infinitum.</strong></span> <span class='ocrx_word' id='word_1_152' title='bbox 1455 1855 1524 1936; x_wconf 79' lang='lat' dir='ltr'><strong>Q.</strong></span> <span class='ocrx_word' id='word_1_153' title='bbox 1569 1856 1650 1922; x_wconf 90' lang='lat' dir='ltr'><strong>E.</strong></span> <span class='ocrx_word' id='word_1_154' title='bbox 1696 1856 1778 1922; x_wconf 91' lang='lat' dir='ltr'><strong>D.</strong></span> 
     </span>
    </p>
   </div>
   <div class='ocr_carea' id='block_1_3' title="bbox 1655 1990 2132 2036">
    <p class='ocr_par' dir='ltr' id='par_1_3' title="bbox 1655 1990 2132 2036">
     <span class='ocr_line' id='line_1_16' title="bbox 1655 1990 2132 2036; baseline 0 0"><span class='ocrx_word' id='word_1_155' title='bbox 1655 1990 2132 2036; x_wconf 68' lang='lat' dir='ltr'><strong>SOHOLIUM.</strong></span> 
     </span>
    </p>
   </div>
   <div class='ocr_carea' id='block_1_4' title="bbox 576 2069 3197 3225">
    <p class='ocr_par' dir='ltr' id='par_1_4' title="bbox 576 2069 3195 3225">
     <span class='ocr_line' id='line_1_17' title="bbox 670 2069 3194 2157; baseline 0 -20"><span class='ocrx_word' id='word_1_156' title='bbox 670 2072 833 2137; x_wconf 86' lang='lat' dir='ltr'><strong>Oum</strong></span> <span class='ocrx_word' id='word_1_157' title='bbox 902 2071 1193 2156; x_wconf 80' lang='lat' dir='ltr'><strong>quaedam</strong></span> <span class='ocrx_word' id='word_1_158' title='bbox 1260 2091 1298 2136; x_wconf 95' lang='lat' dir='ltr'><strong>a</strong></span> <span class='ocrx_word' id='word_1_159' title='bbox 1361 2070 1499 2136; x_wconf 90' lang='lat' dir='ltr'><strong>Deo</strong></span> <span class='ocrx_word' id='word_1_160' title='bbox 1566 2072 1932 2138; x_wconf 90' lang='lat' dir='ltr'><strong>immediate</strong></span> <span class='ocrx_word' id='word_1_161' title='bbox 1999 2069 2265 2157; x_wconf 81' lang='lat' dir='ltr'><strong>produci</strong></span> <span class='ocrx_word' id='word_1_162' title='bbox 2332 2072 2714 2156; x_wconf 87' lang='lat' dir='ltr'><strong>debuerunt,</strong></span> <span class='ocrx_word' id='word_1_163' title='bbox 2759 2073 3057 2138; x_wconf 80' lang='lat' dir='ltr'><strong>videlicet</strong></span> <span class='ocrx_word' id='word_1_164' title='bbox 3101 2091 3194 2156; x_wconf 86' lang='lat' dir='ltr'><strong>ea,</strong></span> 
     </span>
     <span class='ocr_line' id='line_1_18' title="bbox 582 2161 3194 2246; baseline 0 -20"><span class='ocrx_word' id='word_1_165' title='bbox 582 2181 729 2246; x_wconf 80' lang='lat' dir='ltr'><strong>quae</strong></span> <span class='ocrx_word' id='word_1_166' title='bbox 797 2180 881 2228; x_wconf 92' lang='lat' dir='ltr'><strong>ex</strong></span> <span class='ocrx_word' id='word_1_167' title='bbox 948 2161 1238 2226; x_wconf 87' lang='lat' dir='ltr'><strong>absoluta</strong></span> <span class='ocrx_word' id='word_1_168' title='bbox 1303 2164 1442 2243; x_wconf 88' lang='lat' dir='ltr'><strong>ejus</strong></span> <span class='ocrx_word' id='word_1_169' title='bbox 1502 2167 1733 2226; x_wconf 91' lang='lat' dir='ltr'><strong>natura</strong></span> <span class='ocrx_word' id='word_1_170' title='bbox 1790 2163 2148 2226; x_wconf 89' lang='lat' dir='ltr'><strong>necessario</strong></span> <span class='ocrx_word' id='word_1_171' title='bbox 2195 2168 2575 2245; x_wconf 90' lang='lat' dir='ltr'><strong>sequuntur,</strong></span> <span class='ocrx_word' id='word_1_172' title='bbox 2621 2161 3049 2228; x_wconf 87' lang='lat' dir='ltr'><strong>mediantibus</strong></span> <span class='ocrx_word' id='word_1_173' title='bbox 3093 2162 3194 2227; x_wconf 85' lang='lat' dir='ltr'><strong>his</strong></span> 
     </span>
     <span class='ocr_line' id='line_1_19' title="bbox 580 2249 3194 2337; baseline -0 -22"><span class='ocrx_word' id='word_1_174' title='bbox 580 2252 805 2336; x_wconf 92' lang='lat' dir='ltr'><strong>primis</strong></span> <span class='ocrx_word' id='word_1_175' title='bbox 835 2250 901 2334; x_wconf 89' lang='lat'><strong>¹),</strong></span> <span class='ocrx_word' id='word_1_176' title='bbox 968 2269 1111 2335; x_wconf 82' lang='lat' dir='ltr'><strong>quae</strong></span> <span class='ocrx_word' id='word_1_177' title='bbox 1176 2254 1389 2315; x_wconf 90' lang='lat' dir='ltr'><strong>tamen</strong></span> <span class='ocrx_word' id='word_1_178' title='bbox 1459 2251 1599 2315; x_wconf 89' lang='lat' dir='ltr'><strong>sine</strong></span> <span class='ocrx_word' id='word_1_179' title='bbox 1664 2249 1799 2315; x_wconf 92' lang='lat' dir='ltr'><strong>Deo</strong></span> <span class='ocrx_word' id='word_1_180' title='bbox 1862 2269 1983 2315; x_wconf 91' lang='lat' dir='ltr'><strong>nec</strong></span> <span class='ocrx_word' id='word_1_181' title='bbox 2045 2269 2186 2317; x_wconf 90' lang='lat' dir='ltr'><strong>esse</strong></span> <span class='ocrx_word' id='word_1_182' title='bbox 2231 2270 2351 2316; x_wconf 88' lang='lat' dir='ltr'><strong>nec</strong></span> <span class='ocrx_word' id='word_1_183' title='bbox 2395 2253 2647 2337; x_wconf 91' lang='lat' dir='ltr'><strong>concipi</strong></span> <span class='ocrx_word' id='word_1_184' title='bbox 2689 2256 2993 2337; x_wconf 86' lang='lat' dir='ltr'><strong>possunt;</strong></span> <span class='ocrx_word' id='word_1_185' title='bbox 3040 2251 3194 2315; x_wconf 91' lang='lat' dir='ltr'><strong>hinc</strong></span> 
     </span>
     <span class='ocr_line' id='line_1_20' title="bbox 581 2337 3191 2425; baseline -0.001 -20"><span class='ocrx_word' id='word_1_186' title='bbox 581 2341 874 2425; x_wconf 89' lang='lat' dir='ltr'><strong>sequitur</strong></span> <span class='ocrx_word' id='word_1_187' title='bbox 943 2337 1043 2422; x_wconf 89' lang='lat'><strong>1⁰.,</strong></span> <span class='ocrx_word' id='word_1_188' title='bbox 1108 2339 1280 2422; x_wconf 90' lang='lat' dir='ltr'><strong>quod</strong></span> <span class='ocrx_word' id='word_1_189' title='bbox 1346 2337 1527 2404; x_wconf 90' lang='lat' dir='ltr'><strong>Deus</strong></span> <span class='ocrx_word' id='word_1_190' title='bbox 1597 2339 1679 2404; x_wconf 91' lang='lat' dir='ltr'><strong>sit</strong></span> <span class='ocrx_word' id='word_1_191' title='bbox 1737 2357 1956 2404; x_wconf 89' lang='lat' dir='ltr'><strong>rerum</strong></span> <span class='ocrx_word' id='word_1_192' title='bbox 2014 2340 2381 2405; x_wconf 89' lang='lat' dir='ltr'><strong>immediate</strong></span> <span class='ocrx_word' id='word_1_193' title='bbox 2426 2339 2505 2405; x_wconf 87' lang='lat' dir='ltr'><strong>ab</strong></span> <span class='ocrx_word' id='word_1_194' title='bbox 2550 2342 2690 2425; x_wconf 92' lang='lat' dir='ltr'><strong>ipso</strong></span> <span class='ocrx_word' id='word_1_195' title='bbox 2735 2341 3191 2425; x_wconf 87' lang='lat' dir='ltr'><strong>productarum</strong></span> 
     </span>
     <span class='ocr_line' id='line_1_21' title="bbox 581 2427 3194 2514; baseline 0 -21"><span class='ocrx_word' id='word_1_196' title='bbox 581 2448 775 2494; x_wconf 86' lang='lat' dir='ltr'><strong>causa</strong></span> <span class='ocrx_word' id='word_1_197' title='bbox 842 2427 1132 2493; x_wconf 88' lang='lat' dir='ltr'><strong>absolute</strong></span> <span class='ocrx_word' id='word_1_198' title='bbox 1175 2429 1503 2513; x_wconf 87' lang='lat' dir='ltr'><strong>proxima;</strong></span> <span class='ocrx_word' id='word_1_199' title='bbox 1551 2447 1680 2492; x_wconf 94' lang='lat' dir='ltr'><strong>non</strong></span> <span class='ocrx_word' id='word_1_200' title='bbox 1725 2447 1879 2494; x_wconf 83' lang='lat' dir='ltr'><strong>vero</strong></span> <span class='ocrx_word' id='word_1_201' title='bbox 1922 2430 1992 2492; x_wconf 92' lang='lat' dir='ltr'><strong>in</strong></span> <span class='ocrx_word' id='word_1_202' title='bbox 2038 2448 2158 2494; x_wconf 92' lang='lat' dir='ltr'><strong>suo</strong></span> <span class='ocrx_word' id='word_1_203' title='bbox 2201 2447 2452 2514; x_wconf 88' lang='lat' dir='ltr'><strong>genere,</strong></span> <span class='ocrx_word' id='word_1_204' title='bbox 2496 2435 2570 2494; x_wconf 92' lang='lat' dir='ltr'><strong>ut</strong></span> <span class='ocrx_word' id='word_1_205' title='bbox 2616 2431 2814 2513; x_wconf 86' lang='lat' dir='ltr'><strong>ajunt.</strong></span> <span class='ocrx_word' id='word_1_206' title='bbox 2857 2427 3024 2493; x_wconf 88' lang='lat' dir='ltr'><strong>Nam</strong></span> <span class='ocrx_word' id='word_1_207' title='bbox 3069 2427 3194 2494; x_wconf 88' lang='lat' dir='ltr'><strong>Dei</strong></span> 
     </span>
     <span class='ocr_line' id='line_1_22' title="bbox 579 2517 3197 2621; baseline -0.001 -38"><span class='ocrx_word' id='word_1_208' title='bbox 579 2517 839 2583; x_wconf 85' lang='lat' dir='ltr'><strong>effectus</strong></span> <span class='ocrx_word' id='word_1_209' title='bbox 905 2519 1045 2583; x_wconf 89' lang='lat' dir='ltr'><strong>sine</strong></span> <span class='ocrx_word' id='word_1_210' title='bbox 1113 2536 1231 2581; x_wconf 88' lang='lat' dir='ltr'><strong>sua</strong></span> <span class='ocrx_word' id='word_1_211' title='bbox 1291 2536 1486 2581; x_wconf 89' lang='lat' dir='ltr'><strong>causa</strong></span> <span class='ocrx_word' id='word_1_212' title='bbox 1531 2536 1650 2582; x_wconf 87' lang='lat' dir='ltr'><strong>nec</strong></span> <span class='ocrx_word' id='word_1_213' title='bbox 1694 2535 1838 2583; x_wconf 89' lang='lat' dir='ltr'><strong>esse</strong></span> <span class='ocrx_word' id='word_1_214' title='bbox 1881 2537 2000 2583; x_wconf 94' lang='lat' dir='ltr'><strong>nec</strong></span> <span class='ocrx_word' id='word_1_215' title='bbox 2044 2520 2294 2601; x_wconf 82' lang='lat' dir='ltr'><strong>concipi</strong></span> <span class='ocrx_word' id='word_1_216' title='bbox 2339 2524 2610 2602; x_wconf 90' lang='lat' dir='ltr'><strong>possunt</strong></span> <span class='ocrx_word' id='word_1_217' title='bbox 2653 2521 2803 2600; x_wconf 82' lang='lat' dir='ltr'><strong>(per</strong></span> <span class='ocrx_word' id='word_1_218' title='bbox 2846 2517 3040 2621; x_wconf 64' lang='lat' dir='ltr'><strong>Prop.</strong></span> <span class='ocrx_word' id='word_1_219' title='bbox 3088 2518 3197 2582; x_wconf 85' lang='lat'><strong>15.</strong></span> 
     </span>
     <span class='ocr_line' id='line_1_23' title="bbox 578 2603 3194 2692; baseline -0 -20"><span class='ocrx_word' id='word_1_220' title='bbox 578 2611 638 2672; x_wconf 77' lang='lat' dir='ltr'><strong>et</strong></span> <span class='ocrx_word' id='word_1_221' title='bbox 685 2604 901 2673; x_wconf 70' lang='lat' dir='ltr'><strong>aaron.</strong></span> <span class='ocrx_word' id='word_1_222' title='bbox 947 2605 1143 2687; x_wconf 78' lang='lat' dir='ltr'><strong>Prop.</strong></span> <span class='ocrx_word' id='word_1_223' title='bbox 1185 2605 1332 2684; x_wconf 79' lang='lat'><strong>24..)</strong></span> <span class='ocrx_word' id='word_1_224' title='bbox 1379 2604 1682 2689; x_wconf 83' lang='lat' dir='ltr'><strong>Sequitur</strong></span> <span class='ocrx_word' id='word_1_225' title='bbox 1726 2603 1864 2687; x_wconf 65' lang='lat'>11⁰„</span> <span class='ocrx_word' id='word_1_226' title='bbox 1907 2606 2080 2691; x_wconf 90' lang='lat' dir='ltr'><strong>quod</strong></span> <span class='ocrx_word' id='word_1_227' title='bbox 2122 2605 2301 2672; x_wconf 87' lang='lat' dir='ltr'><strong>Deus</strong></span> <span class='ocrx_word' id='word_1_228' title='bbox 2347 2627 2478 2672; x_wconf 93' lang='lat' dir='ltr'><strong>non</strong></span> <span class='ocrx_word' id='word_1_229' title='bbox 2524 2613 2731 2692; x_wconf 91' lang='lat' dir='ltr'><strong>potest</strong></span> <span class='ocrx_word' id='word_1_230' title='bbox 2775 2609 3027 2692; x_wconf 87' lang='lat' dir='ltr'><strong>proprie</strong></span> <span class='ocrx_word' id='word_1_231' title='bbox 3067 2607 3194 2671; x_wconf 92' lang='lat' dir='ltr'><strong>dici</strong></span> 
     </span>
     <span class='ocr_line' id='line_1_24' title="bbox 578 2695 3194 2781; baseline -0 -21"><span class='ocrx_word' id='word_1_232' title='bbox 578 2715 772 2762; x_wconf 87' lang='lat' dir='ltr'><strong>causa</strong></span> <span class='ocrx_word' id='word_1_233' title='bbox 838 2713 978 2761; x_wconf 93' lang='lat' dir='ltr'><strong>esse</strong></span> <span class='ocrx_word' id='word_1_234' title='bbox 1032 2701 1275 2760; x_wconf 87' lang='lat' dir='ltr'><strong>remota</strong></span> <span class='ocrx_word' id='word_1_235' title='bbox 1319 2712 1536 2759; x_wconf 89' lang='lat' dir='ltr'><strong>rerum</strong></span> <span class='ocrx_word' id='word_1_236' title='bbox 1583 2695 2028 2779; x_wconf 86' lang='lat' dir='ltr'><strong>singularium,</strong></span> <span class='ocrx_word' id='word_1_237' title='bbox 2071 2697 2200 2761; x_wconf 91' lang='lat' dir='ltr'><strong>nisi</strong></span> <span class='ocrx_word' id='word_1_238' title='bbox 2241 2696 2406 2761; x_wconf 91' lang='lat' dir='ltr'><strong>forte</strong></span> <span class='ocrx_word' id='word_1_239' title='bbox 2450 2715 2527 2762; x_wconf 92' lang='lat' dir='ltr'><strong>ea</strong></span> <span class='ocrx_word' id='word_1_240' title='bbox 2571 2696 2651 2761; x_wconf 91' lang='lat' dir='ltr'><strong>de</strong></span> <span class='ocrx_word' id='word_1_241' title='bbox 2695 2716 2909 2781; x_wconf 85' lang='lat' dir='ltr'><strong>causa,</strong></span> <span class='ocrx_word' id='word_1_242' title='bbox 2953 2703 3028 2761; x_wconf 92' lang='lat' dir='ltr'><strong>ut</strong></span> <span class='ocrx_word' id='word_1_243' title='bbox 3072 2698 3194 2761; x_wconf 92' lang='lat' dir='ltr'><strong>sci-</strong></span> 
     </span>
     <span class='ocr_line' id='line_1_25' title="bbox 577 2783 3194 2870; baseline 0.001 -22"><span class='ocrx_word' id='word_1_244' title='bbox 577 2785 725 2851; x_wconf 92' lang='lat' dir='ltr'><strong>licet</strong></span> <span class='ocrx_word' id='word_1_245' title='bbox 768 2784 884 2849; x_wconf 89' lang='lat' dir='ltr'><strong>has</strong></span> <span class='ocrx_word' id='word_1_246' title='bbox 929 2783 1008 2849; x_wconf 92' lang='lat' dir='ltr'><strong>ab</strong></span> <span class='ocrx_word' id='word_1_247' title='bbox 1050 2785 1151 2867; x_wconf 90' lang='lat' dir='ltr'><strong>iis,</strong></span> <span class='ocrx_word' id='word_1_248' title='bbox 1197 2803 1360 2867; x_wconf 89' lang='lat' dir='ltr'><strong>quas</strong></span> <span class='ocrx_word' id='word_1_249' title='bbox 1404 2784 1769 2850; x_wconf 86' lang='lat' dir='ltr'><strong>immediate</strong></span> <span class='ocrx_word' id='word_1_250' title='bbox 1814 2785 2146 2869; x_wconf 84' lang='lat' dir='ltr'><strong>produxit,</strong></span> <span class='ocrx_word' id='word_1_251' title='bbox 2183 2785 2285 2851; x_wconf 83' lang='lat' dir='ltr'><strong>vel</strong></span> <span class='ocrx_word' id='word_1_252' title='bbox 2327 2787 2544 2870; x_wconf 89' lang='lat' dir='ltr'><strong>potius</strong></span> <span class='ocrx_word' id='word_1_253' title='bbox 2590 2805 2736 2869; x_wconf 83' lang='lat' dir='ltr'><strong>quae</strong></span> <span class='ocrx_word' id='word_1_254' title='bbox 2774 2805 2858 2851; x_wconf 92' lang='lat' dir='ltr'><strong>ex</strong></span> <span class='ocrx_word' id='word_1_255' title='bbox 2902 2784 3194 2851; x_wconf 86' lang='lat' dir='ltr'><strong>absoluta</strong></span> 
     </span>
     <span class='ocr_line' id='line_1_26' title="bbox 577 2872 3192 2959; baseline -0 -19"><span class='ocrx_word' id='word_1_256' title='bbox 577 2875 717 2957; x_wconf 89' lang='lat' dir='ltr'><strong>ejus</strong></span> <span class='ocrx_word' id='word_1_257' title='bbox 762 2879 989 2938; x_wconf 84' lang='lat' dir='ltr'><strong>natura</strong></span> <span class='ocrx_word' id='word_1_258' title='bbox 1033 2878 1414 2957; x_wconf 89' lang='lat' dir='ltr'><strong>sequuntur,</strong></span> <span class='ocrx_word' id='word_1_259' title='bbox 1460 2873 1951 2959; x_wconf 89' lang='lat' dir='ltr'><strong>distinguamus.</strong></span> <span class='ocrx_word' id='word_1_260' title='bbox 1996 2872 2162 2939; x_wconf 88' lang='lat' dir='ltr'><strong>Nam</strong></span> <span class='ocrx_word' id='word_1_261' title='bbox 2207 2893 2323 2959; x_wconf 93' lang='lat' dir='ltr'><strong>per</strong></span> <span class='ocrx_word' id='word_1_262' title='bbox 2366 2894 2626 2940; x_wconf 87' lang='lat' dir='ltr'><strong>oausam</strong></span> <span class='ocrx_word' id='word_1_263' title='bbox 2670 2881 2976 2940; x_wconf 87' lang='lat' dir='ltr'><strong>remotam</strong></span> <span class='ocrx_word' id='word_1_264' title='bbox 2999 2875 3192 2939; x_wconf 92' lang='lat' dir='ltr'><strong>talem</strong></span> 
     </span>
     <span class='ocr_line' id='line_1_27' title="bbox 576 2962 3195 3048; baseline 0 -22"><span class='ocrx_word' id='word_1_265' title='bbox 576 2963 1014 3048; x_wconf 89' lang='lat' dir='ltr'><strong>intelligimus,</strong></span> <span class='ocrx_word' id='word_1_266' title='bbox 1079 2981 1225 3046; x_wconf 83' lang='lat' dir='ltr'><strong>quae</strong></span> <span class='ocrx_word' id='word_1_267' title='bbox 1291 2981 1439 3026; x_wconf 90' lang='lat' dir='ltr'><strong>cum</strong></span> <span class='ocrx_word' id='word_1_268' title='bbox 1507 2962 1733 3028; x_wconf 85' lang='lat' dir='ltr'><strong>effectu</strong></span> <span class='ocrx_word' id='word_1_269' title='bbox 1794 2963 1978 3028; x_wconf 93' lang='lat' dir='ltr'><strong>nullo</strong></span> <span class='ocrx_word' id='word_1_270' title='bbox 2037 2963 2226 3028; x_wconf 90' lang='lat' dir='ltr'><strong>modo</strong></span> <span class='ocrx_word' id='word_1_271' title='bbox 2271 2965 2614 3047; x_wconf 87' lang='lat' dir='ltr'><strong>conjuncta</strong></span> <span class='ocrx_word' id='word_1_272' title='bbox 2660 2971 2777 3029; x_wconf 87' lang='lat' dir='ltr'><strong>est.</strong></span> <span class='ocrx_word' id='word_1_273' title='bbox 2823 2965 2914 3029; x_wconf 86' lang='lat' dir='ltr'><strong>At</strong></span> <span class='ocrx_word' id='word_1_274' title='bbox 2960 2965 3195 3046; x_wconf 89' lang='lat' dir='ltr'><strong>omnia,</strong></span> 
     </span>
     <span class='ocr_line' id='line_1_28' title="bbox 579 3049 3191 3138; baseline 0.001 -22"><span class='ocrx_word' id='word_1_275' title='bbox 579 3070 724 3135; x_wconf 80' lang='lat' dir='ltr'><strong>quae</strong></span> <span class='ocrx_word' id='word_1_276' title='bbox 790 3058 962 3134; x_wconf 82' lang='lat' dir='ltr'><strong>sunt,</strong></span> <span class='ocrx_word' id='word_1_277' title='bbox 1027 3053 1098 3114; x_wconf 93' lang='lat' dir='ltr'><strong>in</strong></span> <span class='ocrx_word' id='word_1_278' title='bbox 1165 3049 1300 3115; x_wconf 91' lang='lat' dir='ltr'><strong>Deo</strong></span> <span class='ocrx_word' id='word_1_279' title='bbox 1370 3055 1544 3134; x_wconf 87' lang='lat' dir='ltr'><strong>sunt,</strong></span> <span class='ocrx_word' id='word_1_280' title='bbox 1609 3058 1672 3117; x_wconf 95' lang='lat' dir='ltr'><strong>et</strong></span> <span class='ocrx_word' id='word_1_281' title='bbox 1731 3072 1769 3117; x_wconf 93' lang='lat' dir='ltr'><strong>a</strong></span> <span class='ocrx_word' id='word_1_282' title='bbox 1837 3050 1974 3117; x_wconf 93' lang='lat' dir='ltr'><strong>Deo</strong></span> <span class='ocrx_word' id='word_1_283' title='bbox 2018 3053 2108 3117; x_wconf 90' lang='lat' dir='ltr'><strong>ita</strong></span> <span class='ocrx_word' id='word_1_284' title='bbox 2154 3053 2535 3137; x_wconf 90' lang='lat' dir='ltr'><strong>dependent,</strong></span> <span class='ocrx_word' id='word_1_285' title='bbox 2580 3059 2653 3117; x_wconf 90' lang='lat' dir='ltr'><strong>ut</strong></span> <span class='ocrx_word' id='word_1_286' title='bbox 2697 3056 2840 3118; x_wconf 90' lang='lat' dir='ltr'><strong>sine</strong></span> <span class='ocrx_word' id='word_1_287' title='bbox 2883 3054 3022 3138; x_wconf 91' lang='lat' dir='ltr'><strong>ipso</strong></span> <span class='ocrx_word' id='word_1_288' title='bbox 3069 3071 3191 3118; x_wconf 91' lang='lat' dir='ltr'><strong>nec</strong></span> 
     </span>
     <span class='ocr_line' id='line_1_29' title="bbox 577 3140 1476 3225; baseline -0.004 -18"><span class='ocrx_word' id='word_1_289' title='bbox 577 3159 718 3207; x_wconf 89' lang='lat' dir='ltr'><strong>esse</strong></span> <span class='ocrx_word' id='word_1_290' title='bbox 761 3159 881 3205; x_wconf 90' lang='lat' dir='ltr'><strong>nec</strong></span> <span class='ocrx_word' id='word_1_291' title='bbox 925 3140 1173 3225; x_wconf 88' lang='lat' dir='ltr'><strong>concipi</strong></span> <span class='ocrx_word' id='word_1_292' title='bbox 1213 3141 1476 3224; x_wconf 91' lang='lat' dir='ltr'><strong>possint.</strong></span> 
     </span>
    </p>
   </div>
   <div class='ocr_carea' id='block_1_5' title="bbox 1366 3273 2415 3342">
    <p class='ocr_par' dir='ltr' id='par_1_5' title="bbox 1366 3273 2415 3342">
     <span class='ocr_line' id='line_1_30' title="bbox 1366 3273 2415 3342; baseline 0.001 -2"><span class='ocrx_word' id='word_1_293' title='bbox 1366 3273 2069 3342; x_wconf 82' lang='lat' dir='ltr'>PROPOSITIO</span> <span class='ocrx_word' id='word_1_294' title='bbox 2159 3274 2415 3341; x_wconf 89' lang='lat' dir='ltr'><strong>XXIX.</strong></span> 
     </span>
    </p>
   </div>
   <div class='ocr_carea' id='block_1_6' title="bbox 573 3388 3193 3565">
    <p class='ocr_par' dir='ltr' id='par_1_6' title="bbox 573 3388 3193 3565">
     <span class='ocr_line' id='line_1_31' title="bbox 663 3388 3193 3472; baseline 0.001 -18"><span class='ocrx_word' id='word_1_295' title='bbox 663 3390 750 3455; x_wconf 73' lang='lat' dir='ltr'><strong>In</strong></span> <span class='ocrx_word' id='word_1_296' title='bbox 812 3409 1024 3454; x_wconf 79' lang='lat' dir='ltr'><strong>rerum</strong></span> <span class='ocrx_word' id='word_1_297' title='bbox 1067 3394 1303 3454; x_wconf 77' lang='lat' dir='ltr'><strong>natura</strong></span> <span class='ocrx_word' id='word_1_298' title='bbox 1347 3388 1593 3454; x_wconf 73' lang='lat' dir='ltr'><strong>nullum</strong></span> <span class='ocrx_word' id='word_1_299' title='bbox 1638 3389 1831 3454; x_wconf 79' lang='lat' dir='ltr'><strong>datur</strong></span> <span class='ocrx_word' id='word_1_300' title='bbox 1874 3390 2265 3472; x_wconf 77' lang='lat' dir='ltr'><strong>continyens3</strong></span> <span class='ocrx_word' id='word_1_301' title='bbox 2310 3390 2420 3455; x_wconf 76' lang='lat' dir='ltr'><strong>sed</strong></span> <span class='ocrx_word' id='word_1_302' title='bbox 2458 3391 2670 3455; x_wconf 81' lang='lat' dir='ltr'><strong>omnia</strong></span> <span class='ocrx_word' id='word_1_303' title='bbox 2713 3410 2791 3455; x_wconf 76' lang='lat' dir='ltr'><strong>ex</strong></span> <span class='ocrx_word' id='word_1_304' title='bbox 2831 3390 3193 3456; x_wconf 65' lang='lat' dir='ltr'><strong>necessitate</strong></span> 
     </span>
     <span class='ocr_line' id='line_1_32' title="bbox 573 3478 3190 3565; baseline -0 -21"><span class='ocrx_word' id='word_1_305' title='bbox 573 3478 802 3544; x_wconf 76' lang='lat' dir='ltr'><strong>divinae</strong></span> <span class='ocrx_word' id='word_1_306' title='bbox 842 3483 1095 3544; x_wconf 79' lang='lat' dir='ltr'><strong>naturae</strong></span> <span class='ocrx_word' id='word_1_307' title='bbox 1137 3478 1549 3544; x_wconf 78' lang='lat' dir='ltr'><strong>determinata</strong></span> <span class='ocrx_word' id='word_1_308' title='bbox 1583 3483 1736 3542; x_wconf 75' lang='lat' dir='ltr'><strong>sunt</strong></span> <span class='ocrx_word' id='word_1_309' title='bbox 1768 3479 1859 3543; x_wconf 80' lang='lat' dir='ltr'><strong>ad</strong></span> <span class='ocrx_word' id='word_1_310' title='bbox 1893 3483 2056 3544; x_wconf 78' lang='lat' dir='ltr'><strong>certo</strong></span> <span class='ocrx_word' id='word_1_311' title='bbox 2090 3478 2268 3544; x_wconf 86' lang='lat' dir='ltr'><strong>modo</strong></span> <span class='ocrx_word' id='word_1_312' title='bbox 2301 3479 2684 3545; x_wconf 74' lang='lat' dir='ltr'><strong>existendum</strong></span> <span class='ocrx_word' id='word_1_313' title='bbox 2704 3486 2762 3544; x_wconf 81' lang='lat' dir='ltr'><strong>et</strong></span> <span class='ocrx_word' id='word_1_314' title='bbox 2783 3479 3190 3565; x_wconf 73' lang='lat' dir='ltr'><strong>operandum.</strong></span> 
     </span>
    </p>
   </div>
   <div class='ocr_carea' id='block_1_7' title="bbox 1521 3610 2246 3656">
    <p class='ocr_par' dir='ltr' id='par_1_7' title="bbox 1521 3610 2246 3656">
     <span class='ocr_line' id='line_1_33' title="bbox 1521 3610 2246 3656; baseline 0.001 -1"><span class='ocrx_word' id='word_1_315' title='bbox 1521 3610 2246 3656; x_wconf 73' lang='grc' dir='ltr'>ΒΕΜΟΝΒΤΒΔΤΙΟ</span> 
     </span>
    </p>
   </div>
   <div class='ocr_carea' id='block_1_8' title="bbox 566 3663 3194 4580">
    <p class='ocr_par' dir='ltr' id='par_1_8' title="bbox 566 3663 3194 4580">
     <span class='ocr_line' id='line_1_34' title="bbox 666 3663 3193 3778; baseline -0.001 -20"><span class='ocrx_word' id='word_1_316' title='bbox 666 3690 990 3777; x_wconf 82' lang='lat' dir='ltr'><strong>Quicquid</strong></span> <span class='ocrx_word' id='word_1_317' title='bbox 1054 3698 1169 3775; x_wconf 90' lang='lat' dir='ltr'><strong>est,</strong></span> <span class='ocrx_word' id='word_1_318' title='bbox 1227 3693 1296 3754; x_wconf 95' lang='lat' dir='ltr'><strong>in</strong></span> <span class='ocrx_word' id='word_1_319' title='bbox 1343 3690 1479 3757; x_wconf 93' lang='lat' dir='ltr'><strong>Deo</strong></span> <span class='ocrx_word' id='word_1_320' title='bbox 1527 3697 1626 3757; x_wconf 90' lang='lat' dir='ltr'><strong>est</strong></span> <span class='ocrx_word' id='word_1_321' title='bbox 1681 3695 1830 3776; x_wconf 80' lang='lat' dir='ltr'><strong>(per</strong></span> <span class='ocrx_word' id='word_1_322' title='bbox 1872 3689 2069 3777; x_wconf 79' lang='lat' dir='ltr'><strong>Prop.</strong></span> <span class='ocrx_word' id='word_1_323' title='bbox 2115 3693 2218 3756; x_wconf 88' lang='lat'><strong>15.</strong></span> <span class='ocrx_word' id='word_1_324' title='bbox 2220 3694 2275 3775; x_wconf 82' lang='grc'><strong>);</strong></span> <span class='ocrx_word' id='word_1_325' title='bbox 2323 3690 2502 3759; x_wconf 88' lang='lat' dir='ltr'><strong>Deus</strong></span> <span class='ocrx_word' id='word_1_326' title='bbox 2547 3697 2761 3759; x_wconf 90' lang='lat' dir='ltr'><strong>autem</strong></span> <span class='ocrx_word' id='word_1_327' title='bbox 2807 3713 2937 3758; x_wconf 96' lang='lat' dir='ltr'><strong>non</strong></span> <span class='ocrx_word' id='word_1_328' title='bbox 2983 3663 3193 3778; x_wconf 81' lang='lat' dir='ltr'><strong>potest</strong></span> 
     </span>
     <span class='ocr_line' id='line_1_35' title="bbox 576 3778 3193 3869; baseline -0 -23"><span class='ocrx_word' id='word_1_329' title='bbox 576 3783 703 3846; x_wconf 92' lang='lat' dir='ltr'><strong>dici</strong></span> <span class='ocrx_word' id='word_1_330' title='bbox 766 3801 871 3848; x_wconf 90' lang='lat' dir='ltr'><strong>res</strong></span> <span class='ocrx_word' id='word_1_331' title='bbox 939 3783 1348 3866; x_wconf 88' lang='lat' dir='ltr'><strong>contingens:</strong></span> <span class='ocrx_word' id='word_1_332' title='bbox 1417 3778 1583 3845; x_wconf 85' lang='lat' dir='ltr'><strong>Nam</strong></span> <span class='ocrx_word' id='word_1_333' title='bbox 1642 3786 1794 3865; x_wconf 79' lang='lat' dir='ltr'><strong>(per</strong></span> <span class='ocrx_word' id='word_1_334' title='bbox 1840 3780 2034 3869; x_wconf 80' lang='lat' dir='ltr'><strong>Prop.</strong></span> <span class='ocrx_word' id='word_1_335' title='bbox 2081 3782 2205 3863; x_wconf 88' lang='grc'><strong>11.)</strong></span> <span class='ocrx_word' id='word_1_336' title='bbox 2251 3784 2626 3867; x_wconf 86' lang='lat' dir='ltr'><strong>necessario,</strong></span> <span class='ocrx_word' id='word_1_337' title='bbox 2668 3802 2800 3847; x_wconf 94' lang='lat' dir='ltr'><strong>non</strong></span> <span class='ocrx_word' id='word_1_338' title='bbox 2845 3801 2997 3848; x_wconf 82' lang='lat' dir='ltr'><strong>vero</strong></span> <span class='ocrx_word' id='word_1_339' title='bbox 3042 3801 3193 3846; x_wconf 89' lang='lat' dir='ltr'><strong>con-</strong></span> 
     </span>
     <span class='ocr_line' id='line_1_36' title="bbox 574 3867 3192 3975; baseline -0 -39"><span class='ocrx_word' id='word_1_340' title='bbox 574 3873 895 3975; x_wconf 90' lang='lat' dir='ltr'><strong>tingenter</strong></span> <span class='ocrx_word' id='word_1_341' title='bbox 959 3873 1193 3937; x_wconf 83' lang='lat' dir='ltr'><strong>existit.</strong></span> <span class='ocrx_word' id='word_1_342' title='bbox 1260 3867 1435 3934; x_wconf 88' lang='lat' dir='ltr'><strong>Modi</strong></span> <span class='ocrx_word' id='word_1_343' title='bbox 1494 3868 1724 3935; x_wconf 92' lang='lat' dir='ltr'><strong>deinde</strong></span> <span class='ocrx_word' id='word_1_344' title='bbox 1771 3870 2006 3934; x_wconf 80' lang='lat' dir='ltr'><strong>divinae</strong></span> <span class='ocrx_word' id='word_1_345' title='bbox 2048 3876 2299 3936; x_wconf 82' lang='lat' dir='ltr'><strong>naturae</strong></span> <span class='ocrx_word' id='word_1_346' title='bbox 2341 3890 2425 3937; x_wconf 93' lang='lat' dir='ltr'><strong>ex</strong></span> <span class='ocrx_word' id='word_1_347' title='bbox 2471 3870 2692 3937; x_wconf 91' lang='lat' dir='ltr'><strong>eadem</strong></span> <span class='ocrx_word' id='word_1_348' title='bbox 2736 3873 2927 3938; x_wconf 91' lang='lat' dir='ltr'><strong>etiam</strong></span> <span class='ocrx_word' id='word_1_349' title='bbox 2972 3889 3192 3936; x_wconf 91' lang='lat' dir='ltr'><strong>neces-</strong></span> 
     </span>
     <span class='ocr_line' id='line_1_37' title="bbox 572 3957 3193 4045; baseline -0 -21"><span class='ocrx_word' id='word_1_350' title='bbox 572 3962 757 4045; x_wconf 92' lang='lat' dir='ltr'><strong>sario,</strong></span> <span class='ocrx_word' id='word_1_351' title='bbox 824 3980 956 4025; x_wconf 94' lang='lat' dir='ltr'><strong>non</strong></span> <span class='ocrx_word' id='word_1_352' title='bbox 1025 3978 1178 4025; x_wconf 83' lang='lat' dir='ltr'><strong>vero</strong></span> <span class='ocrx_word' id='word_1_353' title='bbox 1248 3961 1690 4044; x_wconf 89' lang='lat' dir='ltr'><strong>contingenter</strong></span> <span class='ocrx_word' id='word_1_354' title='bbox 1757 3961 1964 4024; x_wconf 89' lang='lat' dir='ltr'><strong>secuti</strong></span> <span class='ocrx_word' id='word_1_355' title='bbox 2022 3965 2177 4025; x_wconf 91' lang='lat' dir='ltr'><strong>sunt</strong></span> <span class='ocrx_word' id='word_1_356' title='bbox 2220 3962 2370 4044; x_wconf 80' lang='lat' dir='ltr'><strong>(per</strong></span> <span class='ocrx_word' id='word_1_357' title='bbox 2410 3957 2606 4041; x_wconf 81' lang='lat' dir='ltr'><strong>Prop.</strong></span> <span class='ocrx_word' id='word_1_358' title='bbox 2653 3961 2756 4025; x_wconf 89' lang='grc'><strong>16.</strong></span> <span class='ocrx_word' id='word_1_359' title='bbox 2759 3964 2803 4044; x_wconf 87' lang='grc'><strong>),</strong></span> <span class='ocrx_word' id='word_1_360' title='bbox 2845 3960 3043 4044; x_wconf 88' lang='lat' dir='ltr'><strong>idque</strong></span> <span class='ocrx_word' id='word_1_361' title='bbox 3086 3959 3193 4025; x_wconf 81' lang='lat' dir='ltr'><strong>vel</strong></span> 
     </span>
     <span class='ocr_line' id='line_1_38' title="bbox 575 4047 3192 4134; baseline -0 -20"><span class='ocrx_word' id='word_1_362' title='bbox 575 4056 894 4134; x_wconf 87' lang='lat' dir='ltr'><strong>quatenus</strong></span> <span class='ocrx_word' id='word_1_363' title='bbox 963 4048 1180 4112; x_wconf 83' lang='lat' dir='ltr'><strong>divina</strong></span> <span class='ocrx_word' id='word_1_364' title='bbox 1248 4054 1478 4112; x_wconf 90' lang='lat' dir='ltr'><strong>natura</strong></span> <span class='ocrx_word' id='word_1_365' title='bbox 1538 4047 1833 4114; x_wconf 85' lang='lat' dir='ltr'><strong>absolute</strong></span> <span class='ocrx_word' id='word_1_366' title='bbox 1879 4054 2026 4129; x_wconf 79' lang='lat' dir='ltr'><strong>(per</strong></span> <span class='ocrx_word' id='word_1_367' title='bbox 2071 4047 2264 4133; x_wconf 80' lang='lat' dir='ltr'><strong>Prop.</strong></span> <span class='ocrx_word' id='word_1_368' title='bbox 2311 4049 2459 4131; x_wconf 86' lang='lat'><strong>21.),</strong></span> <span class='ocrx_word' id='word_1_369' title='bbox 2503 4049 2608 4115; x_wconf 82' lang='lat' dir='ltr'><strong>vel</strong></span> <span class='ocrx_word' id='word_1_370' title='bbox 2654 4056 2972 4133; x_wconf 91' lang='lat' dir='ltr'><strong>quatenus</strong></span> <span class='ocrx_word' id='word_1_371' title='bbox 3018 4055 3192 4114; x_wconf 91' lang='lat' dir='ltr'><strong>certo</strong></span> 
     </span>
     <span class='ocr_line' id='line_1_39' title="bbox 573 4136 3191 4223; baseline -0 -20"><span class='ocrx_word' id='word_1_372' title='bbox 573 4138 762 4203; x_wconf 93' lang='lat' dir='ltr'><strong>modo</strong></span> <span class='ocrx_word' id='word_1_373' title='bbox 828 4139 910 4203; x_wconf 88' lang='lat' dir='ltr'><strong>ad</strong></span> <span class='ocrx_word' id='word_1_374' title='bbox 977 4137 1296 4222; x_wconf 90' lang='lat' dir='ltr'><strong>agendum</strong></span> <span class='ocrx_word' id='word_1_375' title='bbox 1367 4137 1787 4202; x_wconf 87' lang='lat' dir='ltr'><strong>determinata</strong></span> <span class='ocrx_word' id='word_1_376' title='bbox 1847 4138 2288 4203; x_wconf 88' lang='lat' dir='ltr'><strong>consideratur</strong></span> <span class='ocrx_word' id='word_1_377' title='bbox 2344 4141 2491 4223; x_wconf 79' lang='lat' dir='ltr'><strong>(per</strong></span> <span class='ocrx_word' id='word_1_378' title='bbox 2550 4136 2745 4220; x_wconf 80' lang='lat' dir='ltr'><strong>Prop.</strong></span> <span class='ocrx_word' id='word_1_379' title='bbox 2796 4137 2941 4221; x_wconf 83' lang='lat'><strong>27.).</strong></span> <span class='ocrx_word' id='word_1_380' title='bbox 2990 4137 3191 4203; x_wconf 92' lang='lat' dir='ltr'><strong>Porro</strong></span> 
     </span>
     <span class='ocr_line' id='line_1_40' title="bbox 574 4224 3193 4312; baseline 0 -21"><span class='ocrx_word' id='word_1_381' title='bbox 574 4227 803 4291; x_wconf 91' lang='lat' dir='ltr'><strong>horum</strong></span> <span class='ocrx_word' id='word_1_382' title='bbox 873 4227 1204 4292; x_wconf 90' lang='lat' dir='ltr'><strong>modorum</strong></span> <span class='ocrx_word' id='word_1_383' title='bbox 1272 4224 1450 4291; x_wconf 89' lang='lat' dir='ltr'><strong>Deus</strong></span> <span class='ocrx_word' id='word_1_384' title='bbox 1515 4244 1643 4290; x_wconf 93' lang='lat' dir='ltr'><strong>non</strong></span> <span class='ocrx_word' id='word_1_385' title='bbox 1708 4232 1961 4291; x_wconf 86' lang='lat' dir='ltr'><strong>tantum</strong></span> <span class='ocrx_word' id='word_1_386' title='bbox 2027 4233 2125 4293; x_wconf 91' lang='lat' dir='ltr'><strong>est</strong></span> <span class='ocrx_word' id='word_1_387' title='bbox 2181 4246 2396 4311; x_wconf 85' lang='lat' dir='ltr'><strong>causa,</strong></span> <span class='ocrx_word' id='word_1_388' title='bbox 2456 4233 2773 4312; x_wconf 91' lang='lat' dir='ltr'><strong>quatenus</strong></span> <span class='ocrx_word' id='word_1_389' title='bbox 2819 4228 3193 4312; x_wconf 90' lang='lat' dir='ltr'><strong>simpliciter</strong></span> 
     </span>
     <span class='ocr_line' id='line_1_41' title="bbox 572 4314 3194 4401; baseline 0 -20"><span class='ocrx_word' id='word_1_390' title='bbox 572 4317 860 4382; x_wconf 89' lang='lat' dir='ltr'><strong>existunt</strong></span> <span class='ocrx_word' id='word_1_391' title='bbox 927 4321 1080 4400; x_wconf 79' lang='lat' dir='ltr'><strong>(per</strong></span> <span class='ocrx_word' id='word_1_392' title='bbox 1143 4314 1359 4381; x_wconf 82' lang='lat' dir='ltr'><strong>Coroll.</strong></span> <span class='ocrx_word' id='word_1_393' title='bbox 1421 4314 1616 4400; x_wconf 79' lang='lat' dir='ltr'><strong>Prop.</strong></span> <span class='ocrx_word' id='word_1_394' title='bbox 1678 4315 1827 4399; x_wconf 72' lang='grc'><strong>24),</strong></span> <span class='ocrx_word' id='word_1_395' title='bbox 1870 4315 1983 4381; x_wconf 92' lang='lat' dir='ltr'><strong>sed</strong></span> <span class='ocrx_word' id='word_1_396' title='bbox 2029 4317 2220 4382; x_wconf 89' lang='lat' dir='ltr'><strong>etiam</strong></span> <span class='ocrx_word' id='word_1_397' title='bbox 2266 4322 2288 4396; x_wconf 92' lang='lat'><strong>(</strong></span> <span class='ocrx_word' id='word_1_398' title='bbox 2298 4335 2414 4396; x_wconf 78' lang='lat' dir='ltr'><strong>per</strong></span> <span class='ocrx_word' id='word_1_399' title='bbox 2456 4314 2650 4398; x_wconf 80' lang='lat' dir='ltr'><strong>Prop.</strong></span> <span class='ocrx_word' id='word_1_400' title='bbox 2696 4317 2827 4397; x_wconf 87' lang='grc'><strong>26.)</strong></span> <span class='ocrx_word' id='word_1_401' title='bbox 2871 4322 3194 4401; x_wconf 90' lang='lat' dir='ltr'><strong>quatenus</strong></span> 
     </span>
     <span class='ocr_line' id='line_1_42' title="bbox 569 4403 3193 4490; baseline 0 -20"><span class='ocrx_word' id='word_1_402' title='bbox 569 4404 651 4470; x_wconf 94' lang='lat' dir='ltr'><strong>ad</strong></span> <span class='ocrx_word' id='word_1_403' title='bbox 707 4404 953 4489; x_wconf 89' lang='lat' dir='ltr'><strong>aliquid</strong></span> <span class='ocrx_word' id='word_1_404' title='bbox 997 4405 1387 4490; x_wconf 89' lang='lat' dir='ltr'><strong>operandum</strong></span> <span class='ocrx_word' id='word_1_405' title='bbox 1437 4405 1842 4470; x_wconf 88' lang='lat' dir='ltr'><strong>determinati</strong></span> <span class='ocrx_word' id='word_1_406' title='bbox 1888 4405 2389 4471; x_wconf 88' lang='lat' dir='ltr'><strong>considerantur.</strong></span> <span class='ocrx_word' id='word_1_407' title='bbox 2436 4403 2623 4481; x_wconf 83' lang='lat' dir='ltr'><strong>Quod</strong></span> <span class='ocrx_word' id='word_1_408' title='bbox 2666 4408 2727 4470; x_wconf 93' lang='lat' dir='ltr'><strong>si</strong></span> <span class='ocrx_word' id='word_1_409' title='bbox 2773 4425 2811 4471; x_wconf 90' lang='lat' dir='ltr'><strong>a</strong></span> <span class='ocrx_word' id='word_1_410' title='bbox 2854 4405 2991 4471; x_wconf 88' lang='lat' dir='ltr'><strong>Deo</strong></span> <span class='ocrx_word' id='word_1_411' title='bbox 3041 4406 3063 4488; x_wconf 93' lang='lat'>(</span> <span class='ocrx_word' id='word_1_412' title='bbox 3071 4426 3193 4490; x_wconf 80' lang='lat' dir='ltr'><strong>per</strong></span> 
     </span>
     <span class='ocr_line' id='line_1_43' title="bbox 566 4493 3192 4580; baseline 0 -20"><span class='ocrx_word' id='word_1_413' title='bbox 566 4494 748 4560; x_wconf 84' lang='lat' dir='ltr'><strong>eand.</strong></span> <span class='ocrx_word' id='word_1_414' title='bbox 815 4493 1031 4575; x_wconf 80' lang='lat' dir='ltr'><strong>Prop.)</strong></span> <span class='ocrx_word' id='word_1_415' title='bbox 1099 4494 1499 4559; x_wconf 90' lang='lat' dir='ltr'><strong>determinati</strong></span> <span class='ocrx_word' id='word_1_416' title='bbox 1566 4513 1696 4558; x_wconf 96' lang='lat' dir='ltr'><strong>non</strong></span> <span class='ocrx_word' id='word_1_417' title='bbox 1759 4495 1908 4578; x_wconf 88' lang='lat' dir='ltr'><strong>sint,</strong></span> <span class='ocrx_word' id='word_1_418' title='bbox 1976 4494 2392 4579; x_wconf 89' lang='lat' dir='ltr'><strong>impossibile,</strong></span> <span class='ocrx_word' id='word_1_419' title='bbox 2436 4514 2568 4559; x_wconf 94' lang='lat' dir='ltr'><strong>non</strong></span> <span class='ocrx_word' id='word_1_420' title='bbox 2616 4514 2766 4561; x_wconf 83' lang='lat' dir='ltr'><strong>vero</strong></span> <span class='ocrx_word' id='word_1_421' title='bbox 2814 4496 3192 4580; x_wconf 89' lang='lat' dir='ltr'><strong>contingens</strong></span> 
     </span>
    </p>
   </div>
   <div class='ocr_carea' id='block_1_9' title="bbox 577 4636 864 4647">
    <p class='ocr_par' dir='ltr' id='par_1_9' title="bbox 577 4636 864 4647">
     <span class='ocr_line' id='line_1_44' title="bbox 577 4636 864 4647; baseline 0 0"><span class='ocrx_word' id='word_1_422' title='bbox 577 4636 864 4647; x_wconf 95' lang='lat' dir='ltr'><strong> </strong></span> 
     </span>
    </p>
   </div>
   <div class='ocr_carea' id='block_1_10' title="bbox 565 4690 3193 4975">
    <p class='ocr_par' dir='ltr' id='par_1_10' title="bbox 565 4690 3193 4975">
     <span class='ocr_line' id='line_1_45' title="bbox 632 4690 3193 4784; baseline 0 -30"><span class='ocrx_word' id='word_1_423' title='bbox 632 4703 691 4769; x_wconf 89' lang='lat'><strong>1)</strong></span> <span class='ocrx_word' id='word_1_424' title='bbox 740 4704 1027 4769; x_wconf 76' lang='lat' dir='ltr'><strong>Pei-peram</strong></span> <span class='ocrx_word' id='word_1_425' title='bbox 1060 4704 1355 4755; x_wconf 85' lang='lat' dir='ltr'><strong>Boehmer:</strong></span> <span class='ocrx_word' id='word_1_426' title='bbox 1390 4710 1442 4756; x_wconf 79' lang='lat' dir='ltr'><strong>et</strong></span> <span class='ocrx_word' id='word_1_427' title='bbox 1474 4703 1839 4757; x_wconf 67' lang='lat' dir='ltr'><strong>modmntibue</strong></span> <span class='ocrx_word' id='word_1_428' title='bbox 1872 4703 1960 4758; x_wconf 72' lang='lat' dir='ltr'><strong>his</strong></span> <span class='ocrx_word' id='word_1_429' title='bbox 1987 4705 2193 4773; x_wconf 72' lang='lat' dir='ltr'><strong>primis</strong></span> <span class='ocrx_word' id='word_1_430' title='bbox 2216 4703 2510 4784; x_wconf 65' lang='lat' dir='ltr'><strong>quapdam,</strong></span> <span class='ocrx_word' id='word_1_431' title='bbox 2542 4719 2697 4772; x_wconf 76' lang='lat' dir='ltr'><strong>quae.</strong></span> <span class='ocrx_word' id='word_1_432' title='bbox 2729 4703 3012 4769; x_wconf 76' lang='lat' dir='ltr'><strong>obiectum</strong></span> <span class='ocrx_word' id='word_1_433' title='bbox 3044 4690 3193 4755; x_wconf 85' lang='lat' dir='ltr'><strong>euim</strong></span> 
     </span>
     <span class='ocr_line' id='line_1_46' title="bbox 566 4771 3193 4838; baseline 0 -17"><span class='ocrx_word' id='word_1_434' title='bbox 566 4771 655 4822; x_wconf 84' lang='lat' dir='ltr'><strong>hic</strong></span> <span class='ocrx_word' id='word_1_435' title='bbox 704 4771 972 4823; x_wconf 85' lang='lat' dir='ltr'><strong>indicatur</strong></span> <span class='ocrx_word' id='word_1_436' title='bbox 1022 4786 1118 4836; x_wconf 88' lang='lat' dir='ltr'><strong>per</strong></span> <span class='ocrx_word' id='word_1_437' title='bbox 1167 4772 1490 4822; x_wconf 85' lang='lat' dir='ltr'><strong>sententiam</strong></span> <span class='ocrx_word' id='word_1_438' title='bbox 1537 4772 1817 4822; x_wconf 85' lang='lat' dir='ltr'><strong>relativam</strong></span> <span class='ocrx_word' id='word_1_439' title='bbox 1850 4786 1882 4822; x_wconf 87' lang='lat' dir='ltr'><strong>a</strong></span> <span class='ocrx_word' id='word_1_440' title='bbox 1924 4787 2052 4823; x_wconf 82' lang='lat' dir='ltr'><strong>casu</strong></span> <span class='ocrx_word' id='word_1_441' title='bbox 2084 4772 2414 4823; x_wconf 85' lang='lat' dir='ltr'><strong>nominativo</strong></span> <span class='ocrx_word' id='word_1_442' title='bbox 2446 4785 2638 4838; x_wconf 83' lang='lat' dir='ltr'><strong>orsam,</strong></span> <span class='ocrx_word' id='word_1_443' title='bbox 2672 4776 2737 4823; x_wconf 89' lang='lat' dir='ltr'><strong>ut</strong></span> <span class='ocrx_word' id='word_1_444' title='bbox 2768 4772 2826 4823; x_wconf 92' lang='lat' dir='ltr'><strong>in</strong></span> <span class='ocrx_word' id='word_1_445' title='bbox 2858 4775 3092 4823; x_wconf 83' lang='lat' dir='ltr'><strong>tractatu</strong></span> <span class='ocrx_word' id='word_1_446' title='bbox 3124 4771 3193 4821; x_wconf 91' lang='lat' dir='ltr'><strong>de</strong></span> 
     </span>
     <span class='ocr_line' id='line_1_47' title="bbox 566 4837 3192 4917; baseline 0 -28"><span class='ocrx_word' id='word_1_447' title='bbox 566 4838 878 4890; x_wconf 81' lang='lat' dir='ltr'><strong>Intellectus</strong></span> <span class='ocrx_word' id='word_1_448' title='bbox 912 4838 1293 4890; x_wconf 85' lang='lat' dir='ltr'><strong>Emendatione</strong></span> <span class='ocrx_word' id='word_1_449' title='bbox 1332 4839 1432 4890; x_wconf 85' lang='lat' dir='ltr'><strong>sub</strong></span> <span class='ocrx_word' id='word_1_450' title='bbox 1467 4839 1574 4890; x_wconf 86' lang='lat' dir='ltr'><strong>fine</strong></span> <span class='ocrx_word' id='word_1_451' title='bbox 1605 4838 1837 4905; x_wconf 75' lang='lat' dir='ltr'><strong>legitur:</strong></span> <span class='ocrx_word' id='word_1_452' title='bbox 1874 4838 2017 4898; x_wconf 87' lang='lat' dir='ltr'><strong>Quas</strong></span> <span class='ocrx_word' id='word_1_453' title='bbox 2048 4839 2291 4890; x_wconf 82' lang='lat' dir='ltr'><strong>absolute</strong></span> <span class='ocrx_word' id='word_1_454' title='bbox 2320 4839 2513 4891; x_wconf 82' lang='lat' dir='ltr'><strong>format</strong></span> <span class='ocrx_word' id='word_1_455' title='bbox 2530 4839 2668 4905; x_wconf 85' lang='lat' dir='ltr'><strong>(scil.</strong></span> <span class='ocrx_word' id='word_1_456' title='bbox 2676 4838 2853 4917; x_wconf 72' lang='lat' dir='ltr'><strong>ideas)</strong></span> <span class='ocrx_word' id='word_1_457' title='bbox 2867 4837 3192 4890; x_wconf 83' lang='lat' dir='ltr'><strong>infinitatem</strong></span> 
     </span>
     <span class='ocr_line' id='line_1_48' title="bbox 565 4905 2977 4975; baseline 0 -19"><span class='ocrx_word' id='word_1_458' title='bbox 565 4906 892 4975; x_wconf 83' lang='lat' dir='ltr'><strong>exprimunt,</strong></span> <span class='ocrx_word' id='word_1_459' title='bbox 925 4906 1020 4959; x_wconf 88' lang='lat' dir='ltr'><strong>ubi</strong></span> <span class='ocrx_word' id='word_1_460' title='bbox 1055 4905 1360 4971; x_wconf 82' lang='lat' dir='ltr'><strong>subjectum</strong></span> <span class='ocrx_word' id='word_1_461' title='bbox 1395 4906 1528 4957; x_wconf 85' lang='lat' dir='ltr'><strong>latet</strong></span> <span class='ocrx_word' id='word_1_462' title='bbox 1562 4906 1622 4957; x_wconf 93' lang='lat' dir='ltr'><strong>in</strong></span> <span class='ocrx_word' id='word_1_463' title='bbox 1661 4907 1930 4958; x_wconf 85' lang='lat' dir='ltr'><strong>sententia</strong></span> <span class='ocrx_word' id='word_1_464' title='bbox 1963 4920 2102 4972; x_wconf 85' lang='lat' dir='ltr'><strong>quae</strong></span> <span class='ocrx_word' id='word_1_465' title='bbox 2136 4906 2201 4958; x_wconf 85' lang='lat' dir='ltr'><strong>ab</strong></span> <span class='ocrx_word' id='word_1_466' title='bbox 2234 4906 2535 4958; x_wconf 80' lang='lat' dir='ltr'><strong>accusativo</strong></span> <span class='ocrx_word' id='word_1_467' title='bbox 2569 4905 2788 4959; x_wconf 87' lang='lat' dir='ltr'><strong>initium</strong></span> <span class='ocrx_word' id='word_1_468' title='bbox 2820 4907 2977 4975; x_wconf 88' lang='lat' dir='ltr'><strong>capit.</strong></span> 
     </span>
    </p>
   </div>
  </div>
 </body>
</html>
