3609 5642
1520 546 1602 592 nu
1647 546 2034 592 marmus.
2996 529 3081 591 83

452 713 593 778 fieri
658 716 882 798 potest,
950 716 1023 777 ut
1090 711 1361 796 Laetitia,
1433 733 1565 797 qua
1631 714 1870 798 aliquis
1929 732 2000 778 se
2042 714 2330 797 reliquos
2374 712 2626 780 afficere
2672 714 3083 798 imaginatur,

453 804 834 887 imaginaria
882 807 1136 867 tantum
1179 803 1280 885 sit,
1327 806 1391 867 et
1435 808 1585 887 (per
1628 801 1818 886 Prop.
1865 802 1972 868 25.
2016 801 2231 885 hujus)
2277 805 2731 887 unusquisque
2777 802 2856 867 de
2901 822 2971 867 se
3015 803 3086 867 id

455 910 646 956 omne
713 897 981 957 conatur
1045 892 1404 976 imaginari,
1470 892 1645 976 quod
1706 911 1776 956 se
1837 891 2088 957 Laetitia
2132 891 2382 958 afficere
2426 894 2849 976 imaginatum
2896 891 3085 957 facile

457 999 607 1065 ergo
651 980 792 1046 fieri
836 986 1064 1064 potest,
1109 986 1183 1045 ut
1226 981 1551 1064 gloriosus
1599 980 1918 1066 superbus
1964 982 2066 1064 sit,
2104 987 2167 1046 et
2203 1000 2273 1046 se
2310 981 2612 1049 omnibus
2649 986 2904 1066 gratum
2944 999 3086 1047 esse

457 1071 866 1155 imaginetur,
910 1070 1167 1154 quando
1216 1069 1519 1135 omnibus
1567 1070 1878 1135 molestus
1925 1075 2038 1135 est.

1252 1204 1951 1273 PROPOSITIO
2041 1205 2296 1272 XXXI.

547 1318 619 1384 Si
681 1319 953 1408 aliquem
1017 1319 1448 1404 imayinamur
1515 1340 1751 1403 amare,
1811 1319 1910 1385 vel
1953 1339 2191 1405 cupere,
2234 1320 2329 1385 vel
2371 1320 2511 1386 odio
2554 1320 2779 1386 habere
2821 1319 3085 1406 aliquid,

458 1409 623 1496 quod
687 1410 814 1494 ipsi
855 1428 1161 1495 amamuS,
1205 1411 1507 1494 cupimus,
1551 1409 1647 1475 vel
1689 1409 1829 1475 odio
1874 1409 2186 1493 habemus,
2231 1430 2297 1475 eo
2339 1410 2477 1494 ipso
2521 1430 2652 1474 rem
2697 1412 3086 1476 constantius

459 1498 828 1583 amabimus,
889 1504 996 1565 eta.
1058 1497 1131 1564 Si
1189 1506 1398 1566 autem
1451 1499 1536 1583 id,
1578 1500 1745 1585 quod
1785 1518 2090 1582 amamus,
2133 1518 2272 1564 eum
2314 1500 2597 1565 aversari
2639 1500 3086 1586 imaqiuamur,

458 1588 552 1652 vel
597 1594 836 1673 contra,
884 1593 1017 1653 tum
1060 1589 1262 1655 animi
1298 1588 1762 1668 fluctuationem
1802 1589 2137 1673 patiemur.

1420 1721 2137 1768 DEMONSTRA'MO.

543 1802 648 1867 Ex
693 1822 768 1868 eo
816 1804 971 1888 sole,
1015 1804 1189 1888 quod
1235 1805 1517 1889 aliquem
1565 1805 1812 1890 aliquid
1857 1823 2070 1869 amare
2114 1806 2563 1889 imaginamur,
2608 1822 2682 1869 eo
2727 1806 2868 1888 ipso
2912 1804 3083 1869 idem

456 1892 821 1957 amabimus
882 1895 1029 1977 (per
1070 1891 1266 1978 Prop.
1313 1893 1416 1957 27.
1485 1892 1717 1978 hujus).
1781 1895 1871 1958 At
1931 1896 2070 1959 sine
2123 1894 2243 1958 hoo
2288 1912 2408 1958 nos
2452 1893 2623 1958 idem
2670 1912 2886 1958 amare
2933 1913 3084 1978 sup-

456 1983 760 2065 ponimus
786 1981 868 2062 1);
938 1982 1185 2047 accedit
1252 2002 1404 2068 ergo
1473 1985 1702 2048 Amori
1767 2003 1941 2048 nova
2006 2002 2221 2065 causa,
2283 2002 2321 2046 a
2380 2002 2511 2067 qua
2551 1982 2841 2065 fovetur3
2891 1988 3086 2067 atque

458 2071 615 2136 adeo
659 2072 747 2153 id,
795 2071 970 2155 quod
1015 2091 1327 2158 amamus,
1372 2074 1495 2137 hoo
1538 2075 1679 2157 ipso
1724 2073 2127 2138 constantius
2166 2071 2542 2137 amabimus.
2581 2069 2831 2137 Deinde
2868 2090 2952 2136 ex
2991 2091 3087 2155 e0,

458 2159 633 2244 quod
701 2162 984 2244 aliquem
1051 2162 1300 2245 aliquid
1366 2165 1648 2227 aversari
1714 2163 2162 2246 imaginamur,
2220 2162 2394 2227 idem
2454 2160 2894 2226 aversabimur
2939 2163 3086 2243 (per

456 2249 715 2314 eandem
760 2248 991 2331 Prop.).
1036 2251 1128 2314 At
1174 2252 1232 2315 si
1278 2270 1737 2336 supponamus,
1781 2270 1904 2315 nos
1942 2251 2167 2316 eodem
2204 2255 2490 2336 tempore
2525 2251 2594 2314 id
2614 2252 2829 2334 ipsum
2854 2270 3087 2333 amare,

459 2339 683 2404 eodem
751 2357 901 2423 ergo
970 2343 1257 2424 tempore
1326 2341 1445 2404 hoo
1511 2341 1682 2405 idem
1745 2339 2106 2405 amabimus
2150 2345 2213 2404 et
2258 2338 2715 2421 aversabimur,
2762 2342 2899 2405 sive
2944 2339 3085 2421 (vid.

460 2426 657 2492 Sahal.
703 2426 895 2512 Prop.
945 2427 1048 2493 17.
1093 2427 1313 2514 hujus)
1359 2431 1560 2494 animi
1602 2428 2089 2494 fluctuationem
2134 2431 2468 2514 patiemur.
2522 2427 2591 2508 Q.
2635 2428 2712 2493 Ε.
2759 2427 2842 2493 D.

545 2641 719 2707 Hinc
766 2647 830 2708 et
873 2662 957 2708 ex
1002 2642 1192 2727 Prop.
1242 2645 1346 2707 28.
1393 2563 1604 2727 Ιιιῖᾖῗιξ
1626 2562 1956 2728 gquEissgff
1976 2562 2514 2728 Fussmquemque
2539 2648 2856 2728 quantum
2880 2647 3088 2728 potest

457 2734 692 2815 conari,
762 2737 835 2796 ut
902 2735 1356 2818 unusquisque
1416 2734 1504 2816 id,
1549 2734 1722 2818 quod
1769 2736 1910 2817 ipse
1955 2737 2143 2816 amat,
2188 2739 2378 2816 amet,
2423 2737 2486 2798 et
2532 2733 2705 2816 quod
2749 2734 2890 2817 ipse
2936 2733 3089 2817 odit,

461 2821 606 2885 odio
652 2821 841 2885 etiam
889 2820 1152 2902 habeat3
1203 2823 1377 2888 unde
1421 2823 1584 2887 illud
1633 2822 1848 2887 Poetae
1873 2824 1956 2903 ⁹):

901 2932 1229 3018 Speremus
1271 2936 1535 3021 pariter,
1573 2937 1823 3016 pariter
1866 2941 2212 3000 metuamus
2256 2939 2580 3015 amantes3

898 3022 1179 3090 Ferreus
1223 3029 1331 3109 est,
1376 3024 1433 3090 si
1479 3026 1640 3113 quis,
1685 3025 1853 3113 quod
1894 3026 2055 3090 sinit
2097 3025 2277 3104 alter,
2321 3029 2512 3090 amat.

1548 3159 2024 3205 sonon1uu.

542 3235 670 3301 Hic
738 3244 1007 3304 conatus
1075 3237 1412 3323 efficiendi,
1480 3247 1555 3306 ut
1615 3242 2072 3325 unusquisque
2115 3238 2338 3325 probet
2380 3241 2468 3322 id,
2516 3240 2689 3324 quod
2733 3240 2873 3323 ipse
2918 3243 3088 3303 amat

339 3375 345 3380 .
458 3326 564 3392 vel
607 3327 754 3391 odio
799 3327 1007 3413 habet,
1049 3347 1273 3394 revera
1318 3335 1415 3395 est
1460 3330 1747 3396 Ambitio
1796 3330 1927 3410 (vid
1970 3328 2165 3395 Sehol.
2212 3328 2400 3413 Prop.
2449 3329 2554 3393 29.
2597 3328 2845 3412 hujus);
2894 3333 3087 3412 atque

460 3415 616 3480 adeo
661 3417 975 3500 videmus,
1023 3437 1556 3505 unumquemque
1600 3439 1685 3486 ex
1727 3428 1961 3484 natura
2008 3422 2322 3504 appetere,
2367 3422 2440 3483 ut
2482 3418 2720 3502 reliqui
2758 3437 2841 3482 ex
2878 3420 3087 3501 ipsius

460 3506 720 3588 ingenio
781 3507 1035 3588 vivant3
1085 3508 1259 3591 quod
1307 3509 1461 3573 dum
1513 3529 1735 3574 omnes
1780 3511 2018 3595 pariter
2062 3512 2388 3593 appetunt,
2432 3509 2669 3591 pariter
2717 3505 2840 3570 sibi
2886 3509 3087 3591 impe·

463 3594 765 3679 dimento,
832 3601 895 3660 et
964 3596 1120 3660 dum
1189 3615 1412 3663 omnes
1473 3599 1553 3663 ab
1599 3598 1899 3664 omnibus
1944 3597 2195 3663 laudari
2240 3614 2356 3662 seu
2401 3598 2601 3661 amari
2646 3596 2891 3679 volunt,
2940 3596 3087 3660 odio

462 3684 740 3749 invicem
786 3690 958 3749 sunt.

1234 3797 1935 3866 PROPOSI'I'IO
2025 3798 2312 3864 XXXII.

552 3908 624 3975 Si
667 3910 940 3998 aliquem
982 3931 1053 3976 re
1095 3911 1335 3997 aliqua,
1377 3932 1509 3998 qua
1551 3933 1721 3979 uuus
1766 3913 1945 3980 solus
1988 3913 2181 3998 potiri
2221 3918 2434 3998 potest,
2474 3911 2747 3994 qaudere
2784 3911 3087 3995 imaqina-

461 4019 625 4084 mwr,
666 4000 1033 4066 conabimur
1078 4000 1347 4086 efficere,
1391 4021 1472 4068 ue
1513 4003 1618 4069 ille
1660 4002 1773 4068 illa
1818 4024 1890 4069 re
1931 4003 2224 4084 potiatur.

1413 4134 2135 4183 DEMONSTBATIO.

549 4213 655 4277 Ex
698 4232 774 4278 eo
821 4213 975 4297 solo,
1022 4217 1194 4299 quod
1241 4218 1520 4302 aliquem
1566 4238 1635 4284 re
1679 4220 1899 4303 aliqua
1942 4219 2223 4302 gaudere
2268 4217 2697 4300 imaginamur
2722 4217 2873 4299 (per
2895 4212 3088 4293 Prop.

465 4300 570 4366 27.
616 4301 809 4387 hujus
852 4322 991 4367 cum
1033 4306 1308 4389 ejusdem
1354 4307 1412 4370 1.
1462 4306 1724 4389 Coroll.),
1764 4327 1900 4372 rem
1945 4307 2125 4371 illam
2162 4306 2541 4386 amabimuS,
2581 4323 2784 4388 eaque
2805 4303 3085 4388 gaudere

463 4394 817 4475 cupiemus.
854 4393 945 4456 At
993 4392 1144 4477 (per
1187 4394 1571 4481 hypothesin)
1618 4397 1768 4461 huic
1813 4395 2084 4461 Laetitiae
2130 4395 2382 4460 obstare
2423 4395 2869 4477 imaginamur,
2909 4392 3082 4476 quod

463 4480 574 4545 ille
618 4481 839 4546 eadem
884 4482 1005 4545 hac
1048 4502 1119 4548 re
1161 4486 1437 4568 gaudeat
1460 4485 1546 4565 ⁸);
1594 4505 1745 4570 ergo
1790 4491 1941 4565 (per
1987 4483 2178 4569 Prop.
2219 4484 2323 4547 28.
2361 4481 2597 4567 hujus),
2620 4502 2703 4547 ne
2725 4483 2835 4546 ille
2859 4482 3083 4546 eadem

463 4570 763 4654 potiatur,
807 4570 1203 4637 conabimur.
1256 4573 1324 4654 Q.
1370 4573 1448 4638 Ε.
1494 4572 1576 4638 D.

529 4777 586 4846 1)
624 4779 770 4830 Vers.
803 4778 980 4845 Belg.:
1015 4781 1108 4848 ποὺ·
1139 4781 1500 4834 onderstelleu
1531 4781 1631 4833 dat
1660 4783 1769 4849 ¹0²3·
1804 4808 1873 4821 ·--
1905 4780 2224 4847 Corrigenda
2259 4781 2353 4831 Ed.
2389 4780 2510 4832 Pr.:
2544 4779 2921 4848 supponimur.

530 4845 588 4910 2)
622 4844 775 4897 Ovid.
808 4847 991 4899 Amor.
1027 4848 1090 4899 IL
1123 4846 1208 4914 19,
1241 4853 1448 4900 mutato
1483 4863 1740 4899 versuum
1776 4849 1979 4899 ordine.

533 4911 591 4977 3)
626 4912 840 4978 Saisset,
876 4914 1162 4965 Camerer:
1190 4917 1465 4982 potiatur.
