3609 5642
520 466 644 530 156
1544 485 1794 531 mom
1839 485 1995 556 rins
2040 485 2127 530 1v.

1498 651 1869 718 CAPUT
1956 651 2177 717 XXIL

602 763 966 847 Abjectioni
1032 765 1193 830 falsa
1238 766 1489 849 pietatis
1534 771 1598 831 et
1640 767 1974 852 religionis
2019 768 2265 851 species
2306 767 2490 831 inest.
2536 765 2619 830 Et
2668 767 2964 850 quamvis
3012 763 3148 829 Ab·

507 853 702 935 jectio
768 851 1099 937 Superbiae
1167 856 1251 920 sit
1318 857 1655 935 contraria,
1713 861 1811 922 est
1872 861 2085 921 tamen
2132 854 2420 940 abjectus
2465 855 2741 939 superbo
2787 856 3148 938 proximus.

519 940 685 1006 Vide
729 940 937 1007 Schol.
984 942 1172 1028 Prop.
1221 944 1326 1008 57.
1365 963 1425 1028 p.
1471 946 1533 1008 4.

1480 1049 1849 1146 cAP'ur
1937 1080 2191 1146 xxm

605 1192 862 1260 Confert
927 1199 1235 1277 proeterea
1301 1195 1661 1260 concordiae
1728 1195 1952 1260 Pudor
2010 1197 2080 1259 in
2138 1197 2220 1261 iis
2266 1199 2536 1274 tantum,
2583 1213 2730 1277 quae
2774 1192 2964 1259 celari
3011 1210 3146 1255 non

514 1287 803 1367 possunt.
869 1281 1137 1366 Deinde,
1204 1285 1357 1368 quia
1424 1286 1563 1369 ipse
1630 1283 1852 1349 Pudor
1911 1288 2157 1370 species
2217 1292 2314 1351 est
2372 1284 2691 1366 Tristitiae,
2730 1283 2809 1346 ad
2852 1280 3147 1346 Rationis

515 1391 709 1437 usum
756 1390 885 1436 non
932 1377 1188 1457 spectat.

1484 1460 1856 1527 CAPUT
1941 1461 2193 1527 XXIV.

601 1572 832 1639 Gaeteri
896 1575 1199 1640 Tristitiae
1268 1594 1423 1661 erga
1487 1576 1782 1640 homines
1851 1576 2117 1641 affectus
2186 1576 2423 1641 directe
2481 1575 2772 1659 justitiae,
2833 1572 3141 1656 aequitati,

512 1663 849 1746 honestati,
893 1666 1129 1748 pietati,
1172 1669 1235 1731 et
1280 1666 1576 1750 religioni
1612 1670 2062 1749 opponuntur3
2102 1669 2184 1749 et,
2222 1667 2521 1749 quamvis
2545 1664 2911 1748 Indignatio
2936 1662 3140 1745 eequi-

512 1753 663 1817 tatis
729 1755 1003 1838 speciem
1062 1773 1198 1839 prae
1261 1773 1330 1820 se
1387 1754 1557 1820 ferre
1600 1755 1914 1837 videatur,
1955 1754 2047 1818 ibi
2092 1760 2307 1819 tamen
2347 1756 2489 1819 sine
2531 1755 2673 1837 lege
2718 1752 2977 1833 vivitur,
3027 1750 3139 1814 ubi

515 1842 869 1926 unicuique
935 1842 1015 1908 de
1080 1842 1264 1909 factis
1325 1843 1586 1909 alterius
1637 1845 1957 1928 ¹iudicium
2001 1843 2187 1927 ferre,
2232 1849 2295 1909 et
2340 1862 2532 1908 suum
2579 1841 2680 1906 vel
2727 1840 2990 1906 alterius
3028 1841 3140 1923 jus

513 1930 843 1997 vindicare
888 1933 1054 1997 licet.

1503 2019 1869 2087 CAPUT
1956 2020 2172 2085 XXV.

604 2131 933 2217 Modestia,
997 2135 1119 2199 hoc
1187 2140 1284 2200 est
1354 2133 1685 2219 Cupiditas
1745 2134 2120 2200 hominibus
2179 2133 2492 2219 placendi,
2536 2152 2683 2218 quae
2743 2150 2827 2198 ex
2869 2130 3144 2195 Ratione

517 2222 993 2299 determinatur,
1060 2224 1142 2288 ad
1208 2224 1519 2290 Pietatem
1589 2226 1688 2304 (ut
1750 2226 1821 2287 in
1881 2222 2089 2289 Schol.
2137 2223 2193 2288 1.
2240 2223 2428 2308 Prop.
2475 2224 2579 2286 37.
2622 2242 2681 2306 p.
2727 2224 2787 2286 4.
2834 2221 3145 2298 diximus)

516 2309 804 2377 refertur.
872 2311 997 2378 Sed
1066 2314 1122 2378 si
1182 2332 1263 2380 ex
1328 2313 1559 2378 affectu
1621 2314 1884 2397 oriatur,
1941 2312 2240 2378 Ambitio·
2275 2318 2391 2395 est,
2436 2313 2573 2377 sive
2617 2310 2966 2395 Cupiditas,
3012 2329 3146 2394 qua

513 2399 807 2466 homines
850 2400 1011 2467 falsa
1052 2401 1318 2468 Pietatis
1364 2403 1643 2487 imagine
1687 2402 2070 2487 plerumque
2112 2401 2466 2467 discordias
2510 2405 2574 2466 et
2609 2401 2953 2466 seditiones
2991 2418 3142 2463 con-

515 2489 731 2554 citant.
775 2489 941 2556 Nam
988 2493 1102 2575 qui
1147 2492 1434 2576 reliquos
1478 2491 1747 2557 consilio
1793 2496 1909 2556 aut
1951 2511 2023 2557 re
2061 2492 2291 2574 juvare
2329 2492 2522 2575 cupit,
2559 2495 2633 2554 ut
2669 2489 2862 2555 simul
2887 2507 3143 2554 summo

512 2577 813 2645 fruantur
880 2579 1067 2665 bono,
1130 2582 1188 2647 is
1256 2582 1541 2665 apprime
1599 2580 1885 2645 studebit
1947 2599 2170 2646 eorum
2232 2579 2356 2645 sibi
2417 2581 2722 2645 Amorem
2769 2578 3140 2658 conciliare;

512 2686 643 2731 non
690 2671 906 2734 autem
952 2689 1063 2735 eos
1109 2670 1178 2734 in
1225 2671 1707 2736 admirationem
1753 2670 2107 2750 traducere,
2155 2673 2230 2733 ut
2273 2668 2609 2753 disciplina
2645 2687 2731 2733 ex
2751 2668 2891 2751 ipso
2915 2666 3147 2731 habeat

511 2757 919 2841 vocabulum,
985 2777 1104 2824 nec
1170 2759 1339 2825 ullas
1396 2758 1689 2825 absolute
1749 2758 2027 2824 Invidiae
2073 2777 2302 2823 causas
2348 2759 2516 2824 dare.
2561 2757 2641 2821 In
2687 2754 3142 2821 communibus

511 2845 743 2913 deinde
800 2848 1139 2931 colloquiis
1199 2847 1451 2914 cavebit
1501 2849 1836 2913 hominum
1882 2849 2039 2912 vitia
2082 2847 2336 2930 referre,
2380 2852 2445 2913 et
2489 2846 2568 2911 de
2612 2847 2893 2910 humana
2934 2847 3144 2929 impo-

511 2937 711 3000 tentia
755 2956 885 3001 non
934 2938 1060 3001 nisi
1104 2956 1294 3022 parce
1338 2938 1518 3022 loqui
1564 2937 1848 3003 curabit:
1895 2942 1962 3002 at
2004 2937 2267 3021 largiter
2311 2936 2391 3001 de
2428 2937 2709 3021 humana
2746 2937 2983 2999 virtute
3022 2953 3142 2999 seu

509 3026 811 3108 potentia,
872 3030 938 3091 et
995 3047 1126 3111 qua
1177 3028 1282 3090 via
1329 3028 1531 3110 possit
1574 3026 1827 3111 perfici3
1878 3033 1952 3091 ut
1997 3028 2091 3092 sic
2138 3027 2450 3109 homines,
2495 3044 2623 3089 non
2670 3043 2753 3089 ex
2800 3023 2979 3088 Metu
3025 3028 3141 3087 aut

508 3115 859 3198 aversione,
903 3115 1015 3180 sed
1060 3116 1197 3180 solo
1243 3114 1509 3182 Loetitiae
1554 3116 1786 3182 affectu
1835 3117 2008 3200 moti,
2053 3134 2138 3181 ex
2183 3114 2475 3180 Rationis
2519 3115 2909 3198 praescripto,
2935 3133 3140 3197 quan-

509 3206 647 3266 tum
691 3203 761 3267 in
809 3222 880 3269 se
923 3209 1040 3288 est,
1080 3210 1396 3270 conentur
1438 3207 1675 3271 vivere.

1479 3353 1850 3419 CAPUT
1935 3354 2185 3420 XXVI.

608 3465 853 3532 Praeter
919 3468 1210 3535 homines
1277 3471 1437 3535 nihil
1506 3470 1836 3555 singulare
1894 3471 1965 3534 in
2023 3468 2271 3534 Natura
2333 3470 2654 3551 novimuS,
2697 3468 2885 3550 cujus
2930 3465 3145 3530 Mente

519 3556 815 3640 gaudere,
858 3562 921 3623 et
966 3558 1140 3642 quod
1187 3559 1374 3625 nobis
1413 3561 1694 3624 amicitia
1729 3563 1844 3623 aut
1882 3559 2096 3643 aliquo
2119 3558 2605 3624 consuetudinis
2626 3565 2857 3641 genere
2870 3556 3146 3640 jungere

519 3662 896 3728 possumus3
967 3647 1255 3732 adeoque
1321 3649 1634 3733 quicquid
1692 3648 1759 3711 in
1823 3667 2038 3713 rerum
2083 3647 2331 3712 Natura
2375 3652 2558 3713 extra
2603 3647 2893 3710 homines
2940 3645 3148 3726 datur,

520 3733 588 3796 id
648 3739 885 3799 nostrae
945 3737 1240 3802 utilitatis
1283 3740 1446 3802 ratio
1501 3755 1884 3803 conservare
1942 3756 2072 3801 non
2118 3737 2419 3821 postulat,
2464 3736 2578 3802 sed
2620 3755 2735 3819 pro
2782 3737 2921 3818 ejus
2966 3735 3144 3798 vario

522 3841 650 3887 usu
718 3842 1116 3907 conservare,
1185 3825 1531 3910 destruere,
1598 3826 1700 3891 vel
1768 3845 2163 3911 quocunque
2225 3827 2412 3890 modo
2474 3826 2554 3890 ad
2596 3828 2907 3890 ‘nostrum
2951 3842 3145 3888 usum

521 3911 819 3995 adaptare
864 3932 983 3979 nos
1030 3914 1230 3980 docet.

1465 4001 1514 4067 O
1538 4005 1600 4068 A
1623 4002 1678 4068 P
1703 4002 1763 4066 U
1786 4003 1836 4066 Τ
1924 4002 2205 4068 XXVII.

608 4112 884 4198 Utilitas,
946 4137 1141 4201 quam
1202 4137 1287 4183 ex
1328 4118 1541 4200 rebus,
1589 4137 1737 4203 quae
1784 4121 1965 4183 extra
2011 4137 2131 4183 nos
2177 4122 2351 4199 sunt,
2397 4118 2708 4201 capimuS‚
2754 4120 2868 4198 est,
2911 4119 3145 4199 praeter

521 4205 978 4285 experientiam
1044 4211 1107 4272 et
1173 4208 1622 4293 cognitionem,
1691 4226 1887 4291 quam
1947 4208 2344 4293 acquirimus
2403 4225 2486 4271 ex
2531 4224 2627 4288 eo,
2672 4204 2842 4290 quod
2890 4205 3142 4270 easdem

522 4291 954 4377 observamus,
1021 4301 1084 4360 et
1149 4314 1233 4361 ex
1300 4297 1401 4362 his
1466 4295 1690 4361 formis
1750 4297 1820 4359 in
1882 4296 2042 4361 alias
2103 4301 2448 4378 mutamus,
2495 4297 2819 4379 praecipua
2862 4295 3147 4377 corporis

523 4385 956 4463 conservatio;
1004 4389 1069 4449 et
1112 4385 1230 4450 hac
1275 4388 1524 4450 ratione
1566 4404 1670 4451 res
1715 4385 1846 4448 illee
1889 4386 2209 4470 imprimis
2254 4385 2446 4450 utiles
2492 4389 2664 4464 sunt,
2712 4401 2859 4468 quae
2898 4382 3146 4467 Corpus

523 4470 611 4533 ita
678 4470 847 4537 alere
914 4477 977 4536 et
1045 4475 1291 4539 nutrire
1357 4479 1646 4558 possunt,
1704 4479 1776 4539 ut
1837 4475 1977 4557 ejus
2038 4493 2260 4539 omnes
2305 4478 2517 4559 partes
2558 4471 2766 4537 officio
2813 4492 2933 4537 suo
2978 4476 3148 4536 recte

522 4557 707 4643 fungi
777 4564 1029 4645 queant.
1097 4561 1261 4627 Nam
1333 4584 1461 4648 quo
1524 4562 1771 4647 Corpus
1819 4564 2030 4647 aptius
2075 4568 2190 4645 est,
2234 4568 2306 4627 ut
2352 4561 2648 4647 pluribus
2695 4562 2899 4626 modis
2944 4563 3150 4644 possit

524 4645 733 4732 affici‚³;⁴
757 4656 821 4714 et
865 4668 1128 4734 corpora
1174 4656 1440 4716 externa
1485 4653 1780 4736 plurimis
1830 4651 2036 4716 modis
2083 4652 2354 4734 afficere,
2402 4671 2476 4717 eo
2523 4650 2705 4717 Mens
2745 4651 2825 4714 ad
2865 4652 3148 4733 cogitan-

526 4737 679 4801 dum
741 4744 836 4803 est
881 4741 1086 4823 aptior
1130 4741 1298 4820 (vide
1345 4741 1535 4825 Prop.
1583 4742 1685 4805 38.
1730 4746 1794 4807 et
1843 4742 1945 4805 39.
1991 4761 2050 4826 p.
2095 4744 2195 4823 4.).
2243 4742 2332 4807 At
2377 4742 2571 4825 hujus
2617 4744 2785 4804 notae
2832 4758 3152 4824 perpauca

522 4826 592 4889 in
645 4824 893 4893 Natura
938 4846 1080 4895 esse
1126 4830 1468 4913 videntur,
1517 4848 1717 4913 quare
1761 4829 1843 4895 ad
1890 4828 2157 4916 Corpus,
2200 4836 2270 4897 ut
2306 4831 2679 4916 requiritur,
2713 4828 3152 4914 nutriendum,
