3609 5642
1357 537 1440 582 nn
1484 537 1812 583 smmum:
1858 521 2132 583 Ε’ΠΜΑΝΑ.
2926 522 3051 586 133

418 708 726 790 jungere;
776 704 889 771 sed
935 724 1065 769 non
1111 724 1259 769 cum
1306 704 1531 788 brutis,
1577 709 1688 770 aut
1730 704 1944 788 rebuS,
1988 725 2261 789 quarum
2310 709 2539 771 natura
2584 726 2622 770 a
2660 710 2888 771 natura
2926 706 3048 771 hu-

426 814 618 860 mana
687 800 785 859 est
846 793 1130 874 diversa3
1195 794 1307 859 sed
1353 793 1524 858 idem
1562 795 1691 876 jus,
1738 794 1910 878 quod
1954 794 2067 859 illa
2111 796 2179 857 in
2225 812 2345 858 nos
2393 792 2647 878 habent,
2695 815 2812 860 nos
2856 797 2926 859 in
2976 815 3050 860 ea

425 883 676 948 habere.
721 883 862 947 Imo
910 885 1064 967 quia
1107 884 1624 966 uniuscujusque
1654 884 1763 965 jus
1803 885 2045 948 virtute
2083 902 2200 948 seu
2225 886 2508 967 potentia
2533 885 3049 968 uniuscujusque

427 972 750 1052 definitur,
816 972 1005 1056 longe
1075 974 1282 1055 majus
1347 973 1639 1036 homines
1700 973 1768 1034 in
1816 972 2021 1055 bruta,
2069 992 2262 1056 quam
2309 973 2449 1036 haec
2494 976 2563 1036 in
2610 974 2899 1038 homines
2938 974 3049 1056 jus

427 1061 679 1126 habent.
732 1060 795 1125 N
796 1079 869 1126 ec
915 1065 1124 1125 tamen
1173 1080 1338 1145 nego
1384 1059 1574 1126 bruta
1619 1061 1890 1142 sentit-03
1939 1061 2050 1125 sed
2096 1080 2279 1146 nego,
2327 1062 2500 1145 quod
2547 1067 2874 1147 propterea
2918 1082 3049 1127 non

427 1151 618 1215 liceat
684 1155 919 1214 nostrae
979 1150 1236 1214 utilitati
1297 1150 1650 1232 consulere,
1710 1154 1772 1214 et
1831 1150 2058 1214 iisdem
2105 1151 2187 1215 ad
2232 1149 2494 1215 libitum
2542 1153 2655 1234 uti,
2700 1151 3051 1234 eademque

431 1244 702 1305 tractare
769 1243 957 1322 prout
1004 1238 1191 1304 nobis
1234 1240 1440 1322 magis
1487 1240 1820 1319 convenit3
1868 1238 2389 1323 quandoquidem
2434 1239 2774 1305 nobiscum
2819 1246 3050 1305 natura

427 1348 559 1392 non
626 1329 1039 1409 conveniunt,
1085 1336 1147 1392 et
1191 1346 1414 1393 eorum
1459 1327 1725 1392 affectus
1768 1327 1848 1391 ab
1895 1328 2224 1393 affectibus
2272 1329 2569 1394 humanis
2619 1335 2774 1394 sunt
2818 1331 3051 1394 natura

428 1418 666 1483 diversi
710 1416 867 1497 (vide
913 1412 1106 1482 Schol.
1151 1414 1341 1500 Prop.
1388 1415 1491 1480 57.
1536 1435 1598 1500 p.
1646 1417 1748 1496 3.).
1794 1414 2098 1501 Superest
2136 1422 2208 1481 ut
2244 1418 2582 1501 explicem,
2606 1418 2762 1501 quid
2778 1418 3050 1501 justum,

429 1505 589 1590 quid
653 1507 990 1589 injustum,
1050 1504 1207 1590 quid
1266 1510 1617 1589 peccatum,
1666 1511 1728 1570 et
1777 1506 1933 1589 quid
1979 1505 2258 1590 denique
2307 1508 2615 1571 meritum·
2651 1508 2751 1571 sit.
2797 1505 2924 1572 Sed
2972 1507 3050 1572 de

427 1597 531 1661 his
579 1595 725 1659 vide
770 1614 899 1679 seq.
947 1593 1293 1659 Scholium.

1424 1702 1455 1748 s
1480 1701 1514 1747 c
1538 1703 1581 1746 Η
1604 1701 1641 1746 o
1663 1702 1702 1746 1.
1722 1702 1746 1746 1
1767 1702 1812 1747 u
1832 1702 1881 1746 M
1967 1681 2050 1746 11.

515 1784 594 1848 In
661 1783 1035 1868 Appendice
1080 1783 1294 1848 Partis
1339 1784 1563 1867 primae
1609 1784 1929 1867 explicare
1972 1784 2257 1868 promisi,
2304 1784 2460 1868 quid
2505 1784 2648 1848 laus
2694 1789 2757 1849 et
2801 1784 3049 1870 vitupe-

425 1875 617 1955 rium,
663 1872 821 1957 quid
869 1874 1166 1938 meritum
1214 1876 1276 1938 et
1322 1878 1673 1956 peccatum,
1719 1872 1875 1956 quid
1911 1874 2161 1956 justum
2203 1877 2267 1937 et
2301 1875 2616 1956 injustum
2641 1874 2738 1938 sit.
2763 1872 3047 1939 Laudem

428 1968 492 2028 et
550 1963 944 2046 vituperium
1008 1961 1180 2045 quod
1242 1962 1484 2038 attinet,
1530 1964 1598 2025 in
1646 1960 1899 2026 Scholio
1945 1961 2411 2046 Propositionis
2459 1963 2545 2025 29
2591 1964 2788 2046 partis
2836 1964 2893 2026 3.
2938 1982 3050 2028 ex-

428 2051 663 2136 plicui3
712 2051 791 2116 de
835 2050 1103 2133 reliquis
1151 2055 1365 2114 autem
1411 2052 1517 2114 hic
1555 2051 1687 2133 jam
1735 2052 1855 2114 erit
1901 2049 2152 2115 dicendi
2198 2051 2398 2116 locus.
2445 2050 2570 2116 Sed
2617 2053 2799 2135 prius
2845 2071 3047 2135 pauca

431 2141 511 2206 de
555 2146 726 2204 statu
770 2138 1039 2204 hominis
1084 2138 1371 2203 naturali
1412 2143 1472 2205 et
1514 2138 1681 2204 civiZi
1722 2139 1988 2205 dicenda
2032 2143 2200 2204 sunt.

514 2228 756 2294 Existit
824 2230 1281 2312 unusquisque
1349 2247 1601 2292 summo
1660 2227 1722 2292 N
1723 2232 1927 2292 aturae
1965 2229 2130 2310 jure,
2174 2233 2237 2293 et
2283 2233 2748 2312 consequenter
2794 2247 3047 2293 summo

424 2317 490 2382 N
489 2323 693 2383 aturae
754 2318 899 2399 jure
965 2320 1421 2401 unusquisque
1486 2336 1560 2381 ea
1627 2318 1774 2400 agit,
1845 2337 1989 2401 quae
2048 2336 2132 2382 ex
2194 2336 2331 2381 suae
2375 2322 2626 2382 naturae
2671 2319 3048 2383 necessitate

429 2412 826 2490 sequuntur3
876 2410 1071 2490 atque
1116 2406 1274 2471 adeo
1322 2425 1574 2471 summo
1620 2405 1683 2470 N
1683 2412 1882 2470 aturae
1920 2407 2066 2489 jure
2112 2406 2565 2490 unusquisque
2601 2406 2865 2489 judicat,
2890 2406 3046 2491 quid

430 2495 693 2579 bonum,
740 2495 899 2579 quid
943 2495 1190 2560 malum
1237 2497 1339 2578 sit,
1385 2513 1648 2579 suaeque
1695 2495 1953 2560 utilitati
1997 2513 2081 2559 ex
2126 2514 2244 2560 suo
2286 2496 2546 2579 ingenio
2588 2495 2868 2560 consulit
2889 2494 3049 2577 (vide

428 2582 626 2665 Prop.
675 2583 779 2648 19.
825 2589 883 2648 et
927 2585 1033 2647 20.
1079 2583 1312 2667 hujus),
1358 2602 1627 2667 seseque
1672 2584 1957 2648 vindicat
1992 2583 2151 2664 (vide
2189 2581 2407 2651 coroa.
2432 2583 2491 2646 2.
2516 2582 2710 2663 Prop.
2735 2583 2838 2647 40.
2857 2603 2921 2664 p.
2945 2583 3049 2668 3.),

426 2678 491 2739 et
537 2674 623 2756 id,
669 2672 842 2757 quod
888 2676 1077 2754 amat,
1122 2691 1522 2756 conservare,
1565 2677 1627 2737 et
1674 2673 1757 2755 id,
1801 2672 1976 2756 quod
2014 2673 2158 2736 odio
2197 2671 2407 2755 habet,
2430 2672 2758 2738 destruere
2780 2677 3048 2738 conatur

426 2762 589 2843 (vide
633 2761 823 2843 Prop.
871 2761 975 2825 28.
1016 2780 1079 2840 p.
1129 2761 1232 2843 3.).
1300 2759 1487 2838 Quod
1556 2762 1611 2825 si
1671 2761 1963 2826 homines
2024 2780 2108 2825 ex
2155 2761 2354 2826 ductu
2401 2759 2694 2833 Rationis
2739 2762 3048 2845 viverent,

424 2853 738 2936 potiretur
807 2851 1261 2934 unusquisque
1325 2854 1349 2929 (
1364 2868 1479 2929 per
1525 2846 1742 2914 Coroll.
1773 2849 1852 2913 ²1.
1896 2847 2090 2934 Prop.
2137 2850 2241 2914 35.
2288 2849 2505 2933 hujus)
2563 2851 2684 2915 hoc
2744 2869 2862 2915 suo
2900 2852 3048 2934 jure

425 2941 671 3025 absque
736 2940 872 3003 ullo
939 2939 1202 3003 alterius
1270 2938 1519 3003 damn0.
1587 2937 1712 3003 Sed
1781 2939 1935 3023 quia
1994 2938 2324 3004 affectibus
2385 2943 2540 3004 sunt
2586 2939 2850 3003 obnoxii
2897 2944 3049 3020 (per

429 3027 650 3094 Coroll.
694 3027 884 3115 Prop.
930 3028 990 3091 4.
1038 3026 1271 3111 hujus),
1342 3029 1457 3111 qui
1521 3028 1873 3112 potentiam
1931 3046 2047 3092 seu
2109 3030 2412 3093 virtutem
2459 3028 2808 3093 humanam
2851 3029 3042 3113 longe

426 3124 731 3202 superant
776 3120 923 3201 (per
966 3115 1161 3197 Prop.
1209 3117 1267 3181 6.
1313 3115 1546 3200 hujus),
1589 3117 1731 3181 ideo
1778 3134 1949 3199 saepe
1993 3117 2231 3182 diversi
2277 3118 2625 3181 trahuntur
2661 3120 2810 3196 (per
2846 3115 3040 3202 Prop.

427 3207 531 3271 33.
576 3206 807 3289 hujus),
876 3210 1069 3290 atque
1138 3205 1261 3270 sibi
1327 3208 1605 3270 invicem
1671 3210 1825 3270 sunt
1886 3206 2186 3269 contrarii
2230 3209 2379 3289 (per
2423 3203 2615 3285 Prop.
2662 3206 2767 3269 34.
2810 3204 3044 3289 hujus),

425 3300 654 3361 mutuo
722 3296 879 3360 dum
946 3294 1191 3360 auxilio
1259 3295 1549 3379 indigent
1607 3299 1761 3378 (per
1806 3291 2001 3358 Schol.
2047 3292 2240 3374 Prop.
2287 3295 2390 3358 35.
2433 3293 2667 3377 hujus).
2715 3294 2803 3359 Ut
2845 3296 3043 3379 igitur

424 3386 718 3450 homines
786 3384 1184 3449 concorditer
1252 3385 1469 3450 vivere
1535 3387 1600 3448 et
1659 3380 1784 3448 sibi
1828 3383 2073 3448 auxilio
2121 3401 2264 3449 esse
2309 3385 2578 3467 possint,
2623 3402 2884 3449 necesse
2929 3389 3043 3466 est,

424 3479 500 3539 ut
558 3475 705 3557 jure
774 3492 893 3538 suo
954 3473 1234 3537 naturali
1293 3472 1538 3555 cedant,
1583 3477 1647 3537 et
1694 3491 1762 3537 se
1808 3473 2086 3537 invicem
2133 3491 2393 3538 securos
2439 3472 2723 3555 reddant,
2769 3491 2838 3538 se
2880 3473 3042 3536 nihil

425 3573 702 3645 acturos,
770 3561 944 3646 quod
1011 3563 1214 3646 possit
1271 3562 1340 3625 in
1403 3562 1665 3626 alterius
1712 3560 2018 3625 damnum
2066 3561 2304 3627 cedere.
2352 3560 2494 3639 Qua
2538 3566 2753 3626 autem
2797 3563 3042 3627 ratione

423 3653 542 3716 hoc
607 3651 746 3716 fieri
814 3651 1033 3735 possit,
1104 3655 1179 3715 ut
1246 3650 1487 3715 scilicet
1545 3650 1856 3732 homines,
1916 3651 2032 3734 qui
2092 3650 2424 3716 affectibus
2484 3651 2841 3715 necessario
2888 3655 3042 3715 sunt

427 3740 690 3805 obnoxii
750 3741 897 3823 (per
946 3737 1166 3804 Gorozl.
1215 3736 1408 3822 Prop.
1454 3738 1512 3802 4.
1557 3737 1791 3823 hujus),
1850 3743 2044 3822 atque
2101 3741 2535 3804 inconstantes
2581 3743 2644 3804 et
2689 3740 2849 3803 varii
2893 3742 2913 3820 (
2926 3757 3041 3823 per

424 3829 620 3913 Prop.
666 3828 769 3892 33.
814 3826 1046 3911 hujus),
1089 3829 1337 3911 possint
1381 3846 1449 3892 se
1493 3828 1775 3893 invicem
1823 3846 2084 3893 securos
2126 3828 2405 3911 reddere,
2451 3833 2515 3893 et
2551 3827 2741 3894 fidem
2764 3828 3039 3893 invicem

425 3917 677 4001 habere,
722 3921 892 4002 patet
937 3936 1020 3983 ex
1065 3916 1508 4000 Propositione
1547 3916 1604 3980 7.
1642 3917 1840 3999 hujus
1864 3920 2061 4002 partis
2083 3921 2144 3982 et
2168 3917 2608 4001 Propositione
2634 3918 2736 3980 39.
2760 3918 2957 4000 partis
2981 3918 3039 3981 3.

422 4006 670 4091 Nempe
737 4006 910 4090 quod
979 4007 1202 4070 nullus
1270 4005 1533 4070 affectus
1602 4009 1881 4072 coerceri
1938 4009 2164 4090 potest,
2208 4007 2336 4079 nisi
2395 4005 2624 4070 affectu
2668 4005 2929 4071 fortiore
2977 4011 3040 4072 et

422 4095 741 4161 contrario
788 4095 1040 4159 affectui
1084 4093 1452 4177 coercendo,
1498 4098 1562 4159 et
1607 4096 1781 4179 quod
1828 4097 2280 4178 unusquisque
2316 4093 2397 4159 ab
2436 4094 2766 4159 inferendo
2807 4094 3038 4160 damno

422 4184 700 4250 abstinet
743 4185 973 4248 timore
1017 4183 1277 4267 majoris
1325 4183 1556 4248 damni.
1600 4183 1742 4248 Hac
1785 4184 1985 4267 igitur
2031 4185 2171 4268 lege
2209 4181 2490 4248 Societas
2527 4182 2768 4247 firmari
2792 4187 3041 4268 poterit,

424 4275 482 4339 si
528 4273 718 4337 modo
765 4274 902 4356 ipsa
949 4271 1074 4336 sibi
1119 4272 1404 4337 vindicet
1431 4270 1478 4351 1)
1515 4273 1644 4355 juS,
1692 4272 1864 4356 quod
1911 4273 2364 4356 unusquisque
2406 4269 2616 4354 habet,
2654 4290 2794 4338 sese
2831 4273 3039 4336 vindi-

425 4363 633 4445 candi,
678 4366 742 4426 et
806 4361 883 4426 de
929 4360 1097 4425 bono
1143 4366 1206 4427 et
1250 4361 1418 4425 malo
1457 4360 1822 4442 judicandi;
1871 4380 2145 4445 quaeque
2189 4360 2345 4425 adeo
2391 4365 2766 4444 potestatem
2813 4360 3039 4427 habeat

428 4469 836 4516 communem
906 4449 1166 4514 vivendi
1232 4450 1541 4513 rationem
1610 4448 2077 4534 praescribendi,
2137 4450 2439 4533 legesque
2496 4449 2760 4528 ferendi,
2802 4467 3039 4533 easque

423 4560 557 4604 non
600 4538 886 4615 Ratione,
933 4559 1078 4623 quae
1124 4539 1388 4603 affectus
1436 4542 1723 4603 coercere
1768 4540 1995 4622 nequit
2038 4541 2188 4622 (per
2231 4535 2424 4602 Schol.
2463 4536 2657 4621 Prop.
2683 4536 2785 4601 17.
2811 4537 3041 4622 hujus),

423 4629 536 4694 sed
606 4629 797 4693 minis
865 4626 1180 4692 firmandi.
1248 4626 1406 4691 Haec
1474 4631 1688 4692 autem
1749 4625 2048 4711 SocietaS,
2107 4626 2357 4711 legibus
2422 4631 2486 4692 et
2546 4631 2854 4711 potestate
2898 4647 3039 4695 sese

489 4897 547 4964 1)
582 4897 676 4949 Ed.
709 4898 828 4950 Pr.:
862 4898 1116 4964 vendicet,
1150 4904 1213 4949 ut
1248 4902 1302 4950 et
1336 4898 1481 4964 aliaS,
1512 4897 1612 4949 etsi
1648 4896 1835 4951 modo:
1869 4896 2108 4951 vindicat
2141 4901 2195 4949 et
2232 4910 2390 4950 mox:
2424 4896 2753 4953 vindicandi.
