3609 5642
1629 506 1712 550 nn
1753 505 1888 550 nno.
3036 488 3070 549 7

451 671 713 737 alterius
772 676 941 738 esset
985 677 1255 756 naturae,
1298 673 1461 737 nihil
1508 693 1655 738 cum
1704 670 1842 738 Deo
1888 692 2229 739 commune
2272 672 2505 740 habere
2549 678 2697 754 (per
2740 674 2801 738 2.
2845 672 3076 759 Prop.),

450 762 736 846 adeoque
779 781 992 846 neque
1037 764 1177 845 ejus
1216 764 1624 828 existentiam
1665 781 1903 847 ponere
1940 781 2154 847 neque
2189 764 2412 828 tollere
2434 770 2665 848 posset.
2692 763 2851 828 Cum
2876 765 3076 848 igitur

446 852 608 915 ratio
675 870 794 917 seu
839 871 1051 935 causa,
1099 871 1247 936 quae
1295 852 1576 916 divinam
1626 853 2036 917 existentiam
2081 853 2281 935 tollat,
2329 858 2510 918 extra
2556 854 2839 917 divinam
2888 859 3073 918 natu-

449 959 585 1004 ram
649 941 787 1005 dari
830 960 965 1005 non
1008 943 1228 1024 possit,
1277 941 1530 1006 debebit
1575 943 1935 1006 necessario
1983 941 2137 1023 dari,
2182 943 2500 1027 siquidem
2546 961 2678 1006 non
2725 944 2959 1024 existit,
3002 944 3073 1005 in

445 1030 585 1112 ipsa
631 1031 770 1112 ejus
817 1035 1067 1112 natura,
1114 1049 1261 1114 (11133
1308 1036 1641 1114 propterea
1679 1031 2244 1096 contradictionem
2284 1033 2657 1096 involveret.
2695 1032 2915 1115 Atque
2952 1032 3073 1095 hoc

448 1118 525 1182 de
583 1118 751 1185 Ente
796 1120 1088 1184 absolute
1131 1118 1384 1183 infinito
1430 1126 1492 1185 et
1538 1138 1790 1184 summe
1835 1119 2112 1204 perfecto
2158 1120 2494 1203 affirmare,
2540 1120 2890 1185 absurdum
2940 1126 3069 1201 est,

445 1226 595 1292 ergo
641 1227 761 1274 nec
804 1211 872 1272 in
918 1207 1054 1273 Deo
1100 1228 1219 1273 nec
1266 1212 1449 1273 extra
1493 1206 1705 1273 Deum
1754 1209 1891 1273 11113
1928 1229 2125 1274 031133
2162 1229 2278 1274 3311
2316 1212 2475 1274 ratio
2517 1210 2723 1294 datur,
2759 1229 2907 1293 quae
2931 1212 3072 1293 ejus

447 1298 851 1363 existentiam
897 1298 1094 1380 tollat,
1140 1317 1213 1362 ac
1260 1298 1525 1382 proinde
1571 1296 1751 1363 Deus
1798 1300 2159 1363 necessario
2205 1300 2441 1364 existit.
2494 1298 2563 1380 Q.
2609 1298 2691 1364 E.
2738 1297 2821 1363 D.

1594 1422 1930 1490 Aliter.

536 1522 736 1589 Posse
780 1543 912 1587 non
959 1525 1236 1589 existere
1277 1526 1654 1609 impotentia
1701 1530 1815 1603 est,
1860 1530 1924 1591 et
1970 1529 2193 1590 contra
2238 1544 2426 1610 posse
2472 1527 2747 1591 existere
2791 1526 3073 1609 potentia

449 1618 545 1677 est
611 1615 704 1693 (ut
752 1633 877 1696 par
935 1634 1001 1678 se
1044 1617 1299 1696 notum).
1346 1613 1415 1678 Si
1459 1616 1679 1699 itaque
1724 1615 1811 1696 id,
1858 1615 2033 1699 quod
2071 1616 2204 1698 Jam
2250 1617 2611 1680 necessario
2657 1616 2894 1697 existit,
2940 1633 3071 1678 non

447 1702 575 1765 nisi
637 1703 810 1767 entia
868 1701 1051 1768 finita
1097 1709 1284 1782 sunt3
1335 1708 1489 1768 sunt
1533 1724 1684 1788 ergo
1732 1705 1904 1769 entia
1947 1703 2131 1768 finita
2172 1707 2528 1789 potentiora
2571 1703 2739 1770 Ente
2782 1703 3074 1768 absolute

446 1789 731 1855 infinito:
802 1796 997 1875 atque
1065 1794 1185 1856 hoc
1252 1794 1345 1873 (ut
1399 1812 1515 1873 per
1573 1813 1638 1856 se
1696 1797 1934 1874 notum)
1982 1792 2336 1858 absurdum
2382 1798 2510 1873 est3
2559 1811 2710 1876 ergo
2759 1793 2862 1857 vel
2906 1793 3072 1856 nihil

447 1880 683 1962 existit,
751 1880 852 1946 vel
897 1881 1036 1946 Ens
1076 1882 1367 1947 absolute
1411 1881 1735 1947 infinitum
1782 1884 2144 1948 necessario
2193 1884 2381 1948 etiam
2425 1883 2660 1947 existit.
2704 1883 2910 1966 Atqui
2955 1901 3073 1947 nos

447 1969 551 2032 vel
594 1971 665 2033 in
709 1969 917 2053 nobis,
963 1971 1069 2034 vel
1113 1972 1183 2034 in
1230 1971 1374 2050 alie,
1415 1971 1589 2055 quod
1627 1975 1986 2037 necessario
2026 1975 2265 2054 existit,
2289 1973 2628 2037 existimus
2653 1972 2794 2051 (vid.
2819 1970 3069 2036 Axiam,

449 2058 509 2121 1.
568 2063 627 2123 et
687 2057 880 2139 Prop.
946 2059 1047 2140 7.).
1107 2059 1280 2144 Ergo
1327 2059 1464 2125 Ens
1508 2059 1801 2126 absolute
1844 2061 2194 2145 infinitum,
2238 2062 2357 2125 hoc
2404 2066 2501 2126 est
2546 2063 2693 2142 (per
2739 2058 2943 2137 Defin.
2991 2060 3072 2142 6.)

446 2145 643 2231 Deus,
689 2150 1046 2214 necessario
1094 2151 1327 2214 existit.
1378 2149 1445 2228 Q.
1491 2148 1571 2214 E.
1618 2149 1703 2214 D.

1524 2282 1997 2328 SOHOLIUM.

534 2361 614 2425 In
660 2364 780 2427 hac
826 2364 1054 2428 ultima
1101 2363 1642 2430 demonstratione
1688 2363 1813 2430 Dei
1857 2366 2266 2430 existentiam
2306 2385 2344 2428 a
2379 2366 2715 2448 posteriori
2740 2364 3073 2429 ostendere

447 2451 643 2535 volui,
711 2457 785 2517 ut
866 2453 1319 2518 demonstratio
1389 2455 1643 2519 facilius
1711 2456 2178 2539 perciperetur-3
2245 2474 2376 2518 non
2445 2462 2659 2518 autem
2721 2459 3074 2538 propterea,

448 2541 621 2623 quod
669 2560 752 2606 ex
799 2542 919 2606 hoc
964 2543 1186 2607 eodem
1232 2542 1651 2608 fundamento
1697 2542 1821 2608 Dei
1868 2545 2209 2609 existentia
2251 2563 2288 2607 a
2332 2544 2531 2628 priori
2573 2562 2702 2606 non
2745 2548 3071 2626 sequatur.

335 2642 343 2647 '
445 2629 632 2711 Nam,
703 2650 851 2695 cum
918 2650 1108 2716 posse
1177 2634 1452 2698 existere
1517 2634 1800 2718 potentia
1861 2634 1963 2714 sit,
2023 2634 2337 2717 sequitur,
2400 2651 2528 2716 quo
2575 2632 2723 2716 plus
2765 2632 3072 2697 realitatis

446 2718 717 2803 alicujus
776 2722 871 2785 rei
923 2726 1174 2785 naturae
1220 2723 1536 2805 competit,
1585 2742 1659 2786 eo
1704 2722 1853 2806 plus
1900 2723 2136 2786 virium
2186 2742 2224 2786 a
2268 2741 2338 2786 se
2383 2720 2635 2803 habere,
2680 2726 2754 2785 ut
2801 2723 3070 2801 existat3

447 2808 735 2893 adeoque
779 2808 915 2874 Ens
961 2809 1252 2876 absolute
1296 2811 1641 2894 infinitum,
1688 2813 1827 2876 sive
1872 2809 2102 2892 Deum,
2147 2810 2464 2875 infinitam
2509 2809 2802 2875 absolute
2845 2816 3067 2895 poten·

445 2899 599 2961 tiam
646 2899 967 2964 existendi
1013 2920 1052 2963 a
1097 2918 1166 2964 se
1210 2899 1459 2982 habere,
1509 2902 1621 2984 qui
1667 2905 2002 2984 propterea
2046 2900 2337 2966 absolute
2375 2901 2610 2965 existit.
2637 2899 2826 2965 Multi
2848 2905 3064 2964 tamen

441 2986 659 3052 forsan
706 3007 837 3052 non
882 2988 1068 3054 facile
1105 2989 1300 3072 hujus
1339 2990 1897 3055 demonstrationis
1922 2990 2308 3055 evidentiam
2332 2990 2548 3054 videre
2568 2994 2886 3072 poterunt,
2913 2990 3066 3073 quia

445 3078 686 3142 assueti
754 3082 908 3142 sunt
975 3097 1082 3143 eas
1143 3079 1542 3144 solummodo
1603 3098 1706 3145 res
1765 3079 2200 3163 contemplari,
2246 3098 2394 3162 quae
2440 3098 2478 3142 a
2522 3080 2736 3143 causis
2781 3079 3064 3143 externis

443 3164 686 3247 fluunt3
739 3172 801 3232 et
847 3186 930 3232 ex
979 3168 1097 3247 his,
1142 3187 1290 3251 quae
1337 3169 1463 3233 cito
1507 3168 1692 3250 fiunt,
1737 3169 1859 3233 hoc
1896 3174 1992 3233 est
2031 3186 2181 3252 quae
2202 3168 2388 3233 facile
2411 3168 2721 3249 existunt,
2743 3186 2850 3232 eas
2874 3170 3064 3233 etiam

443 3254 630 3320 facile
673 3257 881 3339 perire
927 3257 1163 3338 vident,
1209 3263 1271 3321 et
1315 3261 1541 3322 contra
1586 3276 1693 3322 eas
1737 3276 1841 3322 res
1877 3257 2052 3322 factu
2076 3256 2466 3322 difficiliores
2483 3257 2797 3340 judicant,
2820 3257 2941 3320 hoc
2966 3261 3065 3321 est

446 3345 525 3408 ad
593 3346 1001 3410 existendum
1072 3366 1202 3410 non
1265 3347 1423 3411 adeo
1466 3346 1705 3427 facileS,
1749 3346 1832 3411 ad
1878 3367 2039 3431 quas
2083 3347 2272 3432 plura
2316 3347 2632 3430 pertinere
2677 3347 3065 3430 concipiunt.

443 3432 707 3510 Verum,
753 3438 825 3499 ut
871 3435 950 3499 ab
998 3436 1098 3500 his
1141 3435 1533 3519 praejudiciis
1580 3435 1949 3517 liberentur,
1988 3455 2117 3499 non
2158 3455 2319 3519 opus
2358 3435 2560 3499 habeo
2584 3437 2689 3499 hic
2713 3436 3066 3515 ostendere,

447 3543 576 3606 qua
620 3525 868 3598 ratione
910 3525 1032 3588 hoc
1071 3526 1509 3607 enunciatum‚
1545 3525 1714 3609 quod
1747 3525 1863 3588 cito
1881 3524 1972 3605 fit,
1995 3525 2113 3590 cito
2126 3524 2315 3608 perit,
2338 3543 2564 3588 verum
2590 3527 2691 3606 sit,
2714 3543 2833 3590 nec
2857 3527 3066 3604 etiam,

446 3631 526 3675 an
587 3618 882 3696 respectu
928 3616 1128 3679 totius
1173 3618 1425 3678 naturae
1472 3616 1685 3678 omnia
1732 3633 1920 3698 aeque
1964 3613 2174 3678 facilia
2219 3615 2349 3679 sint
2395 3634 2474 3677 an
2525 3633 2727 3678 secus.
2775 3614 2900 3679 Sed
2946 3614 3067 3677 hoc

444 3706 696 3766 tantum
741 3706 963 3768 notare
1008 3702 1262 3783 sufficit,
1310 3723 1412 3768 me
1457 3703 1560 3767 hic
1603 3723 1737 3767 non
1780 3705 1962 3788 loqui
2004 3703 2083 3768 de
2120 3702 2332 3785 rebus,
2372 3722 2520 3787 quae
2559 3724 2596 3767 a
2620 3705 2833 3767 causis
2857 3708 3065 3767 exter-

441 3793 546 3854 nis
612 3790 797 3872 fiunt,
857 3792 970 3857 sed
1030 3792 1111 3856 de
1157 3792 1311 3857 solis
1359 3790 1755 3874 substantiiS,
1803 3812 1952 3877 quae
1998 3797 2150 3877 (par
2193 3791 2382 3872 Prop.
2431 3793 2514 3870 6.)
2561 3813 2598 3857 a
2645 3792 2824 3856 nulla
2871 3811 3065 3856 causa

445 3885 712 3944 externa
767 3881 1037 3964 produci
1082 3887 1369 3965 possunt.
1415 3880 1544 3946 Res
1590 3883 1781 3962 enim,
1828 3900 1976 3966 (11133
2022 3902 2059 3946 3
2106 3883 2318 3946 causis
2365 3883 2651 3946 externis
2696 3881 2880 3962 fiunt,
2928 3882 3065 3946 sive

444 3987 538 4032 eae
585 3970 807 4035 multis
853 3970 1142 4054 partibus
1188 3975 1480 4036 constent
1519 3973 1658 4036 sive
1695 3973 1936 4056 pauciS,
1961 3972 2271 4055 quicquid
2294 3970 2697 4054 perfectionis
2723 3972 2860 4036 sive
2882 3971 3066 4035 reali-

443 4059 592 4122 tatis
658 4058 912 4141 habent,
970 4060 1038 4123 id
1084 4078 1273 4125 omne
1318 4062 1540 4124 virtuti
1586 4079 1800 4125 causae
1845 4064 2131 4126 externae
2179 4059 2466 4141 debetur,
2511 4060 2798 4143 adeoque
2845 4079 3062 4123 earum

445 4149 789 4213 existentia
855 4168 939 4213 ex
1007 4149 1142 4213 sola
1180 4147 1563 4233 perfectione
1610 4168 1826 4214 causae
1873 4155 2188 4231 externae,
2221 4168 2351 4212 non
2399 4153 2610 4213 autem
2661 4168 2798 4213 suae
2845 4151 3065 4212 oritur.

446 4234 697 4319 Contra,
743 4238 1056 4322 quicquid
1101 4238 1457 4303 substantia
1501 4238 1909 4323 perfectionis
1947 4238 2155 4320 habet,
2192 4239 2359 4303 nulli
2399 4257 2612 4322 causae
2650 4246 2935 4302 externae
2961 4238 3065 4302 de-

445 4325 667 4406 betur3
717 4346 915 4411 quare
959 4329 1099 4410 ejus
1146 4329 1334 4391 etiam
1383 4329 1726 4393 existentia
1765 4346 1849 4391 ex
1885 4328 2024 4392 sola
2060 4329 2201 4411 ejus
2224 4332 2454 4391 natura
2478 4330 2664 4411 sequi
2689 4327 2891 4406 debet,
2918 4347 3065 4410 quae

444 4417 710 4499 proinde
753 4417 914 4480 nihil
959 4416 1136 4481 aliud
1181 4421 1294 4499 est,
1343 4437 1533 4501 quam
1582 4418 1722 4500 ejus
1767 4419 2059 4482 essentia.
2101 4416 2413 4482 Perfectio
2449 4418 2649 4500 igitur
2671 4419 2766 4481 rei
2788 4418 3067 4481 existen-

443 4506 597 4569 tiam
643 4524 775 4569 non
812 4507 998 4587 tollit,
1040 4506 1152 4571 sed
1188 4511 1411 4570 contra
1431 4508 1645 4590 ponit,
1671 4506 2068 4590 imperfectio
2092 4510 2303 4571 autem
2330 4511 2550 4569 contra
2573 4507 2838 4571 eandem
2864 4506 3062 4581 tollit3

444 4594 732 4678 adeoque
799 4595 878 4659 de
944 4595 1191 4660 nullius
1259 4597 1353 4660 rei
1415 4597 1757 4661 existentia
1802 4597 2103 4660 certiores
2150 4614 2291 4660 esse
2337 4614 2699 4679 possumus,
2745 4616 2938 4680 quam
2988 4596 3067 4659 de

442 4685 785 4749 existentia
828 4684 1015 4749 Entis
1062 4683 1354 4750 absolute
1396 4684 1632 4750 infiniti
1678 4706 1793 4750 seu
1840 4684 2118 4768 perfecti,
2165 4685 2285 4748 hoc
2331 4691 2428 4749 est
2473 4682 2611 4748 Dei.
2657 4684 2820 4749 Nam
2864 4703 3066 4767 quan-

444 4772 790 4857 doquidem
841 4775 982 4856 eJus
1029 4775 1307 4838 essentia
1353 4793 1605 4840 omnem
1651 4774 2196 4858 imperfectionem
2243 4773 2533 4854 secludit,
2580 4773 3069 4857 absolutamque

441 4861 890 4947 perfectionem
955 4863 1245 4946 involvit,
1311 4882 1385 4928 eo
1449 4865 1589 4948 ipso
1657 4883 1914 4929 omnem
1984 4883 2243 4928 causam
2315 4861 2652 4927 dubitandi
2721 4864 2799 4928 de
2857 4864 3066 4946 ipsius
