3609 5642
524 468 652 531 122
1550 486 1798 531 mmons
1842 486 1998 532 raas
2040 487 2128 531 w.

1469 673 2182 720 DBHONSTRATIO.

607 755 894 820 Affectus
948 773 1101 839 erga
1145 773 1300 835 rem,
1346 773 1541 838 quam
1587 754 1874 819 futuram
1919 756 2366 838 imaginamur,
2411 757 2740 821 remissior
2784 761 2900 837 est,
2945 774 3144 839 quam

519 863 670 928 erga
735 851 1117 929 praesentem
1187 850 1320 927 (per
1383 839 1603 909 Coroll.
1650 842 1846 928 Prop.
1896 845 1954 907 9.
1999 841 2230 924 hujus).
2291 844 2382 907 At
2441 842 2790 930 CupiditaS,
2850 863 3000 928 quae
3061 863 3146 908 ex

520 952 673 999 vera
740 934 892 997 boni
957 940 1021 999 et
1088 933 1244 997 mali
1306 934 1670 1017 cognitione
1730 935 1952 1015 oritur,
1997 933 2252 997 tametsi
2297 932 2435 995 haec
2482 935 2764 1019 cognitio
2809 935 2979 997 circa
3021 952 3147 1014 res,

520 1042 667 1106 quae
735 1025 803 1087 in
871 1024 1212 1107 praesentia
1278 1021 1465 1086 bonae
1533 1027 1706 1103 sunt,
1752 1028 2061 1103 versetur,
2106 1022 2423 1106 restingui
2468 1024 2573 1089 vel
2619 1024 2896 1088 coerceri
2941 1027 3147 1106 potest

520 1112 738 1196 aliqua
795 1114 1131 1177 temeraria
1192 1109 1554 1195 Cupiditate
1599 1117 1737 1195 (per
1779 1110 1972 1195 Prop.
2016 1110 2297 1196 prm,
2340 1112 2523 1193 cujus
2566 1112 2721 1177 dem.
2765 1111 3148 1176 universalis

520 1206 663 1281 est);
710 1219 860 1286 ergo
909 1199 1258 1285 CupiditaS,
1304 1220 1453 1284 quae
1501 1218 1586 1265 ex
1631 1200 1851 1265 eadem
1899 1202 2281 1284 cognitione,
2328 1207 2649 1284 quatenus
2689 1202 2829 1265 haec
2850 1200 3145 1265 futurum

520 1291 799 1375 respicit,
844 1291 1065 1373 oritur,
1108 1290 1364 1355 facilius
1408 1291 1686 1354 coerceri
1736 1291 1839 1356 vel
1881 1291 2199 1374 restingui
2245 1291 2498 1374 poterit,
2543 1295 2662 1357 etc.
2712 1289 2780 1370 Q.
2827 1288 2904 1354 E.
2948 1288 3033 1356 D.

1332 1424 2029 1491 PROPOSITIO
2119 1425 2333 1491 XVII.

612 1537 956 1623 Cupiditas,
1013 1560 1156 1625 quae
1213 1540 1417 1605 oritur
1470 1560 1548 1606 ex
1590 1560 1744 1605 vera
1787 1540 1935 1605 boni
1977 1545 2035 1604 et
2077 1540 2234 1605 mali
2273 1540 2617 1624 coquitimte
2661 1546 2972 1625 quatenus
3016 1540 3148 1605 haec

517 1628 682 1693 eirca
723 1648 825 1693 res
864 1631 1288 1712 eontinyentes
1328 1636 1637 1713 versatur,
1679 1629 1875 1695 multo
1917 1629 2127 1695 adhue
2170 1629 2431 1713 facilius
2473 1631 2737 1695 coerceri
2769 1635 2974 1715 potest
3023 1628 3150 1695 Cu-

509 1718 783 1803 piditate
827 1738 1059 1802 rerum,
1103 1739 1247 1804 quae
1282 1723 1629 1800 praesentes
1671 1725 1840 1785 sunt.

1474 1851 2182 1898 nunonsrnar1a

607 1919 970 2005 Propositio
1017 1921 1157 1985 haec
1202 1920 1425 1986 eodem
1465 1922 1654 1986 modo
1693 1940 1768 1987 ac
1803 1920 1994 2006 Prop.
2020 1921 2289 2006 praeced.
2315 1921 2790 1988 demonstratur
2813 1939 2896 1987 ex
2919 1918 3147 1984 Coroll.

519 2008 709 2094 Prop.
759 2011 862 2074 12.
909 2010 1121 2094 hujus.

1596 2118 2072 2165 scHoL1uu.

607 2186 732 2253 His
777 2206 877 2253 me
921 2207 1181 2253 causam
1229 2188 1586 2253 ostendisse
1631 2188 1842 2271 credo,
1885 2208 2003 2253 cur
2046 2189 2340 2254 homines
2387 2189 2687 2273 opinione
2726 2188 2928 2272 magis
2952 2207 3148 2271 quam

523 2295 673 2342 vera
730 2275 1002 2343 Ratione
1061 2284 1607 2360 commoveantur,
1650 2284 1715 2344 et
1758 2296 1878 2341 cur
1924 2296 2076 2343 vera
2122 2278 2274 2341 boni
2319 2283 2382 2342 et
2429 2277 2581 2342 mali
2625 2278 2904 2361 cognitio
2950 2278 3150 2341 animi

524 2454 742 2520 Poetae
772 2452 817 2537 1)
877 2460 1123 2539 natum,
1195 2454 1387 2521 Video
1429 2454 1686 2521 meliora
1728 2454 2056 2543 proboque,
2099 2455 2412 2521 deteriora
2455 2473 2695 2540 sequor.
2744 2453 2930 2531 Quod
2977 2455 3147 2520 idem

520 2546 711 2610 etiam
773 2544 1192 2611 Ecclesiastes
1214 2542 1265 2626 2)
1322 2547 1391 2608 in
1439 2551 1652 2611 mente
1695 2545 2002 2613 habuisse
2048 2545 2320 2628 videtur,
2364 2563 2515 2609 cum
2562 2544 2748 2626 dixit,
2795 2542 2923 2623 Qui
2963 2549 3152 2627 au9et

520 2633 861 2717 seientiam,
918 2639 1108 2720 auqet
1153 2633 1442 2701 dolorem.
1490 2636 1711 2719 Atque
1752 2635 1896 2698 haec
1942 2654 2072 2699 non
2119 2653 2268 2701 eum
2315 2635 2384 2697 in
2429 2633 2624 2701 finem
2671 2633 2834 2715 dico,
2879 2637 2953 2698 ut
2997 2634 3150 2699 inde

522 2723 925 2806 concludam,
991 2723 1424 2809 praestabilius
1483 2742 1624 2790 esse
1692 2726 1987 2809 ignorare
2055 2744 2250 2808 quam
2319 2724 2501 2805 scire,
2560 2722 2662 2789 vel
2725 2723 2898 2806 quod
2946 2723 3149 2787 stulto

520 2813 885 2897 intelligens
929 2813 999 2877 in
1046 2812 1454 2879 moderandis
1498 2813 1831 2879 affectibus
1876 2812 2039 2876 nihil
2083 2813 2352 2896 intersit,
2390 2812 2504 2878 sed
2540 2812 2684 2877 ideo
2709 2813 2863 2896 quia
2885 2830 3151 2878 necesse

521 2906 637 2983 est,
681 2906 924 2967 nostrae
965 2906 1216 2967 naturae
1262 2907 1392 2967 tam
1438 2904 1785 2986 potentiam
1826 2922 2021 2986 quam
2058 2903 2502 2986 impotentiam
2539 2919 2823 2984 noscere,
2847 2905 2921 2966 ut
2943 2901 3151 2967 deter-

522 2991 763 3056 minare
822 2993 1165 3075 possimus,
1221 2991 1379 3074 quid
1436 2990 1623 3057 Ratio
1668 2993 1737 3056 in
1782 2991 2187 3057 moderandis
2233 2991 2566 3057 affectibus
2610 2992 2833 3075 possit,
2876 2995 2941 3056 et
2989 2992 3147 3074 quid

522 3099 651 3143 non
719 3081 954 3165 possit3
1016 3089 1080 3146 et
1123 3082 1193 3144 in
1240 3081 1359 3145 hac
1404 3080 1594 3146 Parte
1640 3081 1718 3146 de
1763 3081 1901 3146 sola
1947 3081 2229 3146 humana
2270 3081 2648 3165 impotentia
2696 3099 2796 3144 me
2846 3085 3147 3145 acturum

521 3169 674 3233 dixi.
735 3168 904 3235 Nam
963 3170 1043 3235 de
1102 3169 1395 3235 Rationis
1440 3172 1507 3233 in
1555 3170 1820 3236 affectus
1865 3172 2152 3254 potentia
2197 3171 2540 3254 separatim
2587 3188 2775 3254 agere
2821 3171 3151 3234 constitui.

1329 3306 2025 3374 PROPOSITIO
2115 3306 2363 3373 XVIII.

616 3420 962 3506 Cupiditas,
1027 3442 1170 3509 quoe
1226 3443 1303 3487 ex
1361 3422 1622 3487 Laetitia
1666 3422 1891 3505 oritur,
1934 3423 2176 3487 eaeteris
2215 3422 2502 3507 paribus,
2543 3421 2776 3507 fortior
2820 3425 2910 3486 est
2957 3419 3152 3502 Cupi-

523 3510 738 3595 ditate,
781 3531 923 3597 quae
966 3532 1040 3577 ex
1083 3511 1372 3577 Tristitia
1416 3513 1637 3577 oritur.

1482 3643 2194 3690 nnuoNsraarro

614 3712 944 3798 Cupiditas
1012 3719 1109 3779 est
1175 3715 1314 3799 ipsa
1359 3714 1638 3779 hominis
1697 3716 1975 3779 essentia
2019 3720 2155 3798 (per
2200 3712 2259 3777 1.
2303 3712 2546 3798 Affeet.
2589 3710 2848 3796 Datim),
2890 3712 3012 3777 hoc
3055 3719 3153 3778 est

524 3809 661 3887 (per
703 3802 893 3888 Prop.
944 3801 1002 3865 7.
1045 3822 1109 3887 p.
1158 3804 1244 3883 3.)
1289 3809 1577 3887 conatus,
1623 3822 1753 3887 quo
1798 3803 1991 3868 homo
2036 3806 2106 3867 in
2155 3821 2273 3868 suo
2321 3821 2464 3868 esse
2507 3820 2916 3887 perseverare
2961 3821 3152 3867 cona-

525 3898 649 3957 tur.
700 3891 912 3969 Quare
958 3890 1308 3977 Cupiditas,
1354 3912 1502 3977 quae
1549 3912 1632 3959 ex
1681 3891 1936 3956 Laetitia
1980 3894 2200 3972 oritur,
2245 3893 2385 3976 ipso
2432 3891 2702 3956 Laetitiae
2749 3891 2982 3957 affectu
3018 3894 3151 3976 (per

524 3979 733 4062 Defin.
776 3980 1065 4064 Laetitioe,
1110 4001 1298 4068 quam
1342 3982 1479 4046 vide
1514 3981 1588 4047 in
1628 3978 1825 4048 Schol.
1864 3979 2062 4066 Prop.
2101 3980 2205 4046 11.
2226 3999 2287 4065 p.
2312 3981 2395 4061 3.)
2422 3983 2691 4065 Juvatur
2715 3982 2820 4047 vel
2843 3987 3149 4065 augetu13

527 4090 674 4154 quae
732 4076 945 4135 autem
1006 4078 1231 4136 contra
1275 4089 1360 4136 ex
1401 4070 1683 4136 Tristitia
1731 4073 1955 4154 oritur,
2000 4073 2140 4156 ipso
2185 4070 2489 4136 Tristities
2535 4070 2764 4135 affectu
2811 4072 2946 4154 (per
2989 4070 3154 4135 idem

527 4157 745 4239 Schol.)
814 4161 1128 4224 minuitur
1195 4161 1300 4225 vel
1366 4165 1726 4241 coercetur3
1797 4166 1994 4244 atque
2061 4160 2217 4225 adeo
2279 4161 2378 4225 vis
2425 4159 2826 4244 Cupiditatis,
2871 4178 3022 4243 quae
3068 4179 3154 4224 ex

526 4247 773 4313 Laetitia
820 4250 1042 4332 oritur,
1087 4250 1371 4333 potentia
1413 4250 1698 4314 humana
1744 4250 1940 4314 simul
1986 4255 2049 4314 et
2093 4249 2377 4334 potentia
2420 4268 2635 4313 causae
2673 4253 2978 4331 externae,
3004 4268 3151 4332 quae

528 4342 742 4403 autem
810 4357 895 4404 ex
953 4337 1255 4423 Tristitia,
1322 4339 1459 4403 sola
1516 4339 1801 4403 humana
1860 4340 2140 4423 potentia
2198 4337 2450 4404 definiri
2496 4338 2714 4418 debet3
2763 4357 2838 4402 ac
2884 4339 3153 4422 proinde

527 4427 648 4490 hac
693 4427 804 4491 illa
847 4427 1070 4491 fortior
1117 4433 1230 4494 est.
1281 4425 1349 4506 Q.
1395 4426 1476 4492 E.
1523 4425 1605 4492 D.

1618 4547 1651 4592 s
1676 4546 1710 4592 c
1731 4548 1776 4591 H
1798 4546 1836 4591 o
1859 4547 1943 4592 LI
1964 4547 2008 4591 u
2029 4547 2093 4592 Μ.

616 4613 740 4681 His
819 4616 1042 4700 paucis
1108 4617 1409 4682 humanae
1477 4617 1872 4702 impotentiae
1942 4623 2006 4682 et
2072 4618 2520 4682 inconstantiae
2587 4636 2833 4701 causas,
2882 4622 2963 4682 ‘et
3037 4637 3155 4682 cur

594 4798 653 4932 ἑὲ
686 4797 1092 4917 Pv1ig.Metam.
1125 4800 1236 4852 VII.
1269 4798 1335 4850 20
1367 4816 1446 4874 sq.
