3609 5642
559 527 640 590 16
1589 545 1839 591 mom
1884 546 2039 591 uns
2083 547 2127 590 1.

1361 710 2066 778 PROPOSITIO
2154 711 2377 779 XXII.

646 824 959 912 Quicquid
998 846 1075 891 ex
1118 825 1330 908 aliquo
1372 825 1498 890 Dei
1541 826 1854 909 attributo,
1898 833 2210 912 quatenus
2251 827 2671 909 modificatum
2708 833 2799 892 est
2837 826 2954 892 tali
2988 827 3179 895 modi-

544 915 850 998 ficatione,
916 935 1079 1000 quae
1135 920 1196 980 et
1237 915 1583 981 necessario
1628 921 1685 981 et
1729 916 1985 997 infinita
2017 937 2141 1001 per
2183 917 2347 982 idem
2390 918 2620 1002 existit,
2664 916 2964 1002 sequitur,
3010 916 3184 982 debet

550 1025 785 1090 quoque
828 1009 888 1070 et
923 1005 1270 1070 necessario
1311 1011 1369 1070 et
1412 1005 1740 1086 infinitum
1785 1006 2062 1071 existere.

1496 1139 2222 1185 nnmonsrnxr1d

634 1220 852 1305 Hujus
919 1220 1384 1305 Propositionis
1443 1221 1899 1286 demonstratio
1957 1222 2244 1307 procedit
2290 1221 2511 1287 eodem
2561 1221 2751 1286 modo
2798 1240 2871 1286 ac
2918 1221 3180 1286 demon-

552 1313 772 1375 stratio
818 1311 1252 1395 praecedentiS.

1326 1422 2030 1489 PROPOSI'I'IO
2122 1423 2379 1488 XXIII.

644 1537 860 1604 Omnis
924 1538 1163 1623 modus,
1232 1539 1344 1623 qui
1407 1543 1466 1602 et
1508 1538 1856 1603 necessario
1899 1544 1958 1603 et
2004 1538 2304 1620 infinitus
2347 1538 2573 1622 existit,
2619 1537 2964 1603 necessario
3005 1537 3183 1622 sequi

549 1627 777 1712 debuit,
842 1629 937 1693 vel
994 1649 1070 1693 ex
1140 1626 1425 1693 absoluta
1491 1632 1732 1691 natura
1797 1627 2076 1711 alicujus
2142 1627 2431 1693 attributi
2495 1625 2636 1710 Dei,
2694 1627 2789 1692 vel
2848 1648 2925 1693 ex
2967 1627 3180 1713 aliquo

547 1717 847 1783 attributo
912 1716 1265 1799 modificato
1325 1717 1797 1800 modificatione,
1845 1737 2004 1802 quae
2046 1722 2106 1783 et
2151 1717 2501 1783 necessario
2544 1721 2603 1782 et
2645 1717 2904 1799 infinita
2948 1717 3179 1782 existit.

1499 1849 2218 1895 DEMONSTRATIQ

635 1932 867 1997 Modus
913 1932 1083 1996 enim
1131 1934 1199 1995 in
1247 1933 1370 1995 alio
1417 1936 1530 2014 est,
1576 1950 1691 2015 per
1737 1932 1910 2015 quod
1957 1933 2207 2015 concipi
2254 1931 2440 1997 debet
2484 1934 2635 2013 (per
2672 1930 2882 2013 Defin.
2923 1932 3023 2013 5.),
3062 1931 3184 1995 hoc

549 2026 645 2086 est
690 2027 842 2101 (per
886 2018 1081 2104 Prop.
1133 2020 1277 2104 15.),
1321 2023 1389 2084 in
1439 2022 1577 2085 solo
1621 2019 1758 2085 Deo
1805 2027 1920 2104 est,
1966 2029 2029 2087 et
2075 2039 2188 2105 per
2212 2023 2424 2086 solum
2447 2018 2658 2086 Deum
2683 2023 2935 2104 concipi
2958 2025 3181 2104 potest.

547 2109 616 2175 Si
662 2130 814 2195 ergo
862 2110 1093 2175 modus
1141 2111 1499 2194 concipitur
1544 2113 1905 2175 necessario
1952 2112 2248 2193 existere,
2295 2118 2358 2176 et
2400 2109 2692 2176 infinitus
2731 2128 2889 2192 esse,
2933 2114 3181 2174 utrum-

550 2219 677 2283 que
736 2200 855 2264 hoc
917 2198 1107 2264 debet
1150 2201 1510 2264 necessario
1555 2200 1853 2264 concludi
1899 2202 2038 2265 sive
2083 2202 2327 2285 percipi
2372 2220 2484 2284 per
2529 2200 2791 2284 aliquod
2836 2197 2959 2264 Dei
3004 2200 3183 2263 attri-

549 2288 801 2372 butum,
851 2294 1174 2371 quatenus
1219 2288 1389 2353 idem
1431 2290 1792 2373 concipitur
1829 2288 2209 2355 infinitatem
2238 2296 2300 2354 et
2324 2290 2766 2354 necessitatem
2794 2289 3182 2371 existentiae,

554 2380 692 2444 sive
728 2377 919 2463 (quod
957 2396 1074 2457 per
1119 2375 1332 2459 Defin.
1380 2379 1440 2442 8.
1485 2378 1648 2442 idem
1692 2385 1803 2460 est)
1852 2380 2270 2443 aeternitatem
2318 2380 2696 2463 exprimere,
2749 2379 2870 2442 hoc
2908 2382 3007 2442 est
3028 2383 3181 2461 (per

553 2465 770 2549 Defin.
822 2468 879 2533 6.
929 2471 989 2531 et
1029 2465 1226 2551 Prop.
1267 2467 1411 2549 19.),
1481 2473 1801 2551 quatenus
1868 2467 2158 2533 absolute
2226 2468 2684 2533 consideratur.
2732 2467 2963 2532 Modus
3009 2485 3183 2551 ergo,

551 2559 664 2640 qui
724 2562 787 2622 et
847 2558 1206 2621 necessario
1253 2562 1317 2621 et
1368 2556 1663 2621 infinitus
1712 2558 1953 2640 existit,
2001 2577 2084 2621 ex
2127 2557 2419 2622 absoluta
2465 2562 2694 2621 natura
2739 2558 3012 2639 alicujus
3058 2554 3182 2621 Dei

551 2645 846 2710 attributi
913 2649 1101 2729 sequi
1163 2645 1415 2725 debuit3
1466 2647 1715 2730 hocque
1760 2647 1865 2710 vel
1909 2647 2273 2712 immediate
2321 2646 2418 2726 (de
2463 2666 2584 2728 quo
2630 2645 2830 2726 Prop.
2879 2645 3030 2730 21.),
3075 2646 3181 2710 vel

552 2736 870 2800 mediante
929 2734 1146 2819 aliqua
1211 2734 1696 2818 modificatione,
1742 2755 1892 2819 quse
1939 2755 2023 2801 ex
2068 2737 2207 2820 ejus
2254 2735 2545 2801 absoluta
2592 2741 2823 2800 natura
2870 2737 3181 2818 sequitur,

548 2825 669 2889 hoc
712 2830 807 2890 est
848 2830 999 2909 (per
1036 2822 1236 2909 Prop.
1280 2824 1586 2909 praeced),
1628 2844 1775 2908 quae
1799 2830 1862 2890 et
1885 2827 2245 2890 necessario
2270 2831 2332 2891 et
2354 2824 2607 2889 infinite.
2630 2826 2869 2890 existit.
2897 2822 2969 2903 Q.
2991 2822 3072 2888 E.
3095 2822 3183 2887 D.

1341 2960 2042 3027 PROPOSI'I'IO
2132 2962 2381 3027 XXIV.
2655 3034 2660 3041 Α

635 3075 875 3142 Rerum
918 3096 962 3140 a
1001 3075 1139 3141 'Deo
1180 3074 1625 3161 productamm
1668 3078 1931 3141 essentia
1972 3095 2105 3142 non
2147 3076 2405 3143 involvit
2451 3077 2861 3142 existentiam.

1519 3210 2241 3255 DEMONSTRATIQ

635 3295 806 3375 patet
865 3309 949 3356 ex
1009 3290 1398 3358 Definitione
1449 3294 1505 3355 l.
1551 3292 1627 3356 Id
1674 3295 1868 3374 enim,
1910 3294 2097 3375 cujus
2142 3298 2377 3357 natura
2420 3295 2511 3373 (in
2560 3311 2629 3357 se
2676 3291 2921 3357 scilicet
2967 3292 3179 3354 consi-

550 3380 787 3461 derata)
854 3381 1128 3447 involvit
1195 3383 1621 3464 existentiam,
1688 3401 1883 3446 causa
1950 3388 2047 3446 est
2113 3383 2236 3465 sui,
2305 3386 2368 3446 et
2430 3400 2515 3447 ex
2559 3382 2694 3446 sola
2742 3400 2880 3445 suae
2927 3384 3177 3444 naturae

549 3472 929 3535 necessitate
974 3472 1209 3536 existit.

1524 3576 2199 3626 οοΒοιιΑΒιπΜ.

633 3659 805 3725 Hinc
872 3662 1185 3745 sequitur,
1251 3659 1462 3727 Deum
1532 3680 1664 3725 non
1733 3664 1985 3726 tantum
2055 3680 2195 3726 esse
2263 3679 2541 3743 causam,
2590 3665 2663 3724 ut
2709 3678 2813 3725 res
2861 3660 3175 3744 incipiant

546 3750 852 3830 existere3
922 3749 1036 3815 sed
1105 3753 1295 3814 etiam
1364 3755 1438 3815 ut
1504 3753 1575 3813 in
1646 3751 1981 3815 existendo
2046 3755 2474 3835 perseverent,
2543 3751 2683 3815 sive
2747 3748 2846 3830 (ut
2904 3749 3177 3813 termino

545 3837 934 3904 Scholastico
1007 3843 1174 3920 utar)
1247 3837 1457 3905 Deum
1527 3859 1668 3905 esse
1736 3859 1995 3904 causam
2058 3840 2312 3906 essendi
2372 3858 2610 3905 rerum.
2656 3837 2844 3920 Nam,
2889 3839 3027 3902 sive
3072 3856 3177 3902 res

545 3931 828 3993 existant
896 3929 1032 3993 sive
1100 3948 1230 3992 non
1279 3931 1578 4011 existant,
1596 3930 2134 4013 ,quotiescunque
2181 3929 2262 3993 ad
2309 3947 2533 3994 earum
2580 3929 2922 3993 essentiam
2969 3931 3176 3992 atten-

546 4017 783 4101 dimus,
830 4018 1097 4082 eandem
1144 4037 1261 4082 nec
1309 4019 1716 4084 existentiam
1763 4037 1884 4084 nec
1930 4019 2330 4084 durationem
2354 4018 2685 4083 involvere
2708 4018 3173 4100 comperimus3

546 4107 835 4190 adeoque
902 4126 1124 4172 earum
1185 4109 1459 4172 essentia
1521 4126 1732 4191 neque
1777 4127 1916 4172 suae
1963 4109 2327 4173 existentiae
2371 4126 2585 4192 neque
2630 4125 2769 4171 suae
2819 4106 3177 4170 durationis

545 4202 754 4279 potest
799 4214 940 4260 esse
987 4215 1212 4276 causa3
1267 4198 1379 4262 sed
1424 4202 1674 4262 tantum
1721 4195 1920 4280 Deae,
1964 4198 2044 4261 ad
2090 4199 2277 4281 cujus
2326 4197 2525 4261 solam
2574 4200 2869 4260 naturam
2902 4196 3178 4278 pertinet

545 4287 822 4350 existere
867 4290 1018 4369 (per
1068 4283 1289 4352 Coroll.
1338 4285 1397 4349 1.
1441 4284 1640 4370 Prop.
1688 4285 1832 4366 14).

1353 4422 2056 4489 PROPOSITIO
2148 4422 2364 4487 XXV.

632 4534 808 4601 Deus
871 4557 1001 4603 non
1067 4543 1311 4603 tantum
1375 4545 1466 4604 est
1534 4558 1725 4603 eausa
1790 4537 2068 4623 efficiens
2125 4557 2336 4604 rerum
2395 4538 2754 4622 existentiae,
2815 4535 2926 4601 sed
2988 4535 3174 4601 etiam

544 4626 842 4691 essentiae.

1494 4735 2222 4781 onnonsrnxr1d

635 4815 704 4881 Si
770 4836 990 4902 negas,
1054 4836 1203 4902 ergo
1265 4792 1480 4883 rerum
1527 4819 1826 4884 essentiae
1871 4816 2049 4883 Deus
2095 4837 2226 4905 non
2273 4822 2369 4882 est
2415 4836 2643 4898 causa;
2692 4817 2981 4900 adeoque
3026 4819 3177 4896 (per
3279 4830 3286 4835 ·

545 4903 778 4972 ,Axiam
843 4906 929 4989 4.)
989 4912 1198 4992 potest
1254 4927 1471 4974 rerum
1534 4909 1813 4975 essentia
1874 4908 2015 4972 sine
2067 4905 2219 4972 Deo·
2264 4907 2548 4992 concipi:
2615 4907 2797 4990 atqui
2863 4907 2984 4970 hoc
3030 4907 3052 4987 (
3064 4924 3183 4986 per
