3609 5642
500 529 625 592 176
1552 550 1799 595 minens
1844 551 1997 596 uns
2043 553 2101 596 v.

1489 735 2145 782 ooRoLLARIUM.

583 816 755 882 Hinc
814 818 1124 901 sequitur,
1184 817 1358 902 quod
1417 816 1614 899 Deus,
1662 824 1984 902 quatenus
2031 821 2311 903 seipsum
2361 824 2547 894 amat,
2594 818 2883 882 homines
2927 821 3118 898 amat,

497 915 559 970 et
615 913 1096 991 consequenter,
1142 907 1313 991 quod
1357 909 1559 970 Amor
1602 905 1722 971 Dei
1769 927 1920 991 erga
1965 909 2273 989 homines,
2318 912 2381 972 et
2427 906 2660 973 Mentis
2708 926 2859 990 erga
2903 905 3114 971 Deum

494 995 698 1059 Amor
741 995 1207 1079 intellectualis,
1254 1015 1458 1060 unum
1507 1001 1571 1061 et
1615 996 1784 1061 idem
1834 998 1934 1062 sit.

1565 1128 2036 1174 SCHOLIUM.

583 1207 687 1272 Ex
755 1210 857 1272 his
923 1208 1091 1273 clare
1154 1208 1591 1292 intelligimus,
1659 1230 1786 1293 qua
1854 1212 1920 1274 in
1969 1229 2038 1275 re
2085 1216 2301 1274 nostra
2347 1210 2541 1292 salus,
2588 1228 2703 1274 seu
2750 1207 3113 1290 Beatitudo,

497 1316 611 1361 seu
658 1296 945 1363 Libertas
990 1299 1313 1377 consistit3
1362 1316 1590 1382 nempe
1634 1301 1701 1362 in
1740 1299 2060 1363 constanti
2099 1304 2161 1364 et
2186 1303 2424 1364 aeterno
2450 1318 2600 1382 erga
2623 1296 2834 1363 Deum
2859 1298 3117 1379 Amore,

496 1387 634 1451 sive
699 1389 767 1451 in
837 1387 1075 1450 Amore
1119 1383 1241 1450 Dei
1287 1405 1437 1470 erga
1483 1388 1787 1453 homines.
1833 1388 2052 1472 Atque
2099 1389 2203 1452 hic
2248 1389 2452 1451 Amor
2497 1407 2613 1453 seu
2658 1387 2997 1452 Beatitudo
3044 1387 3115 1449 in

496 1475 707 1540 Sacris
765 1474 1093 1539 codicibus
1139 1474 1356 1539 Gloria
1402 1476 1773 1560 appellatur,
1820 1496 1938 1541 nec
1982 1478 2318 1543 immerito.
2365 1475 2528 1541 Nam
2579 1477 2717 1541 sive
2762 1476 2866 1538 hic
2911 1476 3115 1539 Amor

494 1565 574 1628 ad
640 1563 849 1630 Deum
917 1564 1244 1646 referatur,
1289 1565 1425 1628 sive
1470 1565 1551 1629 ad
1597 1564 1897 1646 Mentem,
1942 1572 2114 1630 recte
2157 1567 2355 1630 animi
2400 1566 2914 1649 Acquiescentia,
2959 1583 3109 1647 quae

491 1672 713 1719 revera
757 1673 795 1717 a
841 1652 1058 1717 Gloria
1105 1654 1240 1737 (per
1284 1653 1388 1716 25.
1433 1660 1492 1718 et
1537 1654 1639 1717 30.
1685 1654 1928 1738 Affect.
1973 1652 2209 1736 Defin.)
2254 1673 2382 1719 non
2423 1655 2862 1738 distinguitur,
2898 1653 3110 1736 appel·

490 1742 607 1806 lari
653 1748 875 1826 potest.
920 1741 1084 1806 Nam
1134 1748 1454 1827 quatenus
1500 1744 1581 1807 ad
1624 1741 1836 1808 Deum
1883 1743 2171 1826 refertur,
2217 1749 2315 1808 est
2359 1747 2494 1826 (per
2530 1742 2723 1823 Prop.
2764 1742 2868 1805 35.
2890 1741 3109 1823 hujus)

491 1829 757 1914 Laetitia,
825 1833 1013 1896 liceat
1079 1832 1200 1895 hoc
1267 1831 1477 1895 adhuc
1546 1832 1857 1896 vocabulo
1903 1834 2015 1909 uti,
2062 1833 2526 1897 concomitante
2571 1832 2714 1896 idea
2760 1832 2880 1912 sui,
2929 1836 2999 1895 ut
3046 1834 3110 1895 et

494 1925 813 2004 quatenus
893 1921 973 1984 ad
1041 1919 1321 1985 Mentem
1388 1919 1661 1986 refertur
1729 1924 1864 2004 (per
1921 1920 2114 2006 Prop.
2175 1921 2280 1984 27.
2340 1919 2569 2005 hujus).
2639 1918 2887 1985 Deinde
2956 1920 3108 2003 quia

493 2015 728 2073 nostrae
797 2008 1030 2075 Mentis
1098 2010 1374 2075 essentia
1434 2011 1504 2073 in
1546 2009 1681 2075 sola
1727 2012 2093 2094 cognitione
2136 2011 2445 2092 consistit,
2489 2010 2678 2092 cujus
2722 2010 3109 2092 principium

492 2103 557 2162 et
600 2097 1091 2163 fundamentum
1138 2096 1317 2162 Deus
1362 2104 1459 2161 est
1503 2100 1637 2182 (per
1681 2096 1876 2182 Prop.
1922 2099 2025 2162 15.
2067 2118 2130 2183 p.
2169 2099 2228 2162 1.
2265 2102 2324 2164 et
2362 2097 2775 2181 Schol.Prop.
2800 2097 3114 2180 47.p.2.),

495 2187 646 2251 hinc
692 2189 1102 2272 perspicuum
1149 2186 1335 2251 nobis
1378 2185 1469 2269 fit,
1515 2187 1835 2273 quomodo
1881 2193 1944 2252 et
1990 2207 2118 2272 qua
2155 2189 2403 2252 ratione
2438 2187 2622 2253 Mens
2647 2192 2864 2251 nostra
2886 2205 3112 2251 secun·

494 2276 648 2340 dum
710 2277 1049 2341 essentiam
1096 2282 1160 2342 et
1204 2277 1605 2341 existentiam
1656 2296 1737 2342 ex
1786 2282 2015 2341 natura
2062 2277 2282 2340 divina
2328 2281 2652 2361 sequatur,
2699 2280 2762 2341 et
2805 2276 3112 2339 continuo

494 2385 533 2428 a
577 2362 714 2430 Deo
759 2365 1063 2449 pendeat;
1114 2366 1287 2449 quod
1333 2365 1437 2428 hic
1480 2371 1703 2431 notare
1747 2384 1957 2450 operae
2000 2366 2276 2449 pretium
2323 2365 2503 2448 duxi,
2548 2370 2621 2430 ut
2659 2366 2778 2429 hoc
2817 2363 3111 2448 exemplo

495 2453 914 2536 ostenderem,
981 2473 1173 2539 quam
1238 2473 1454 2519 rerum
1502 2455 1924 2537 singularium
1972 2456 2269 2539 cogniti0,
2317 2474 2509 2539 quam
2556 2455 2927 2518 intuitivam
2975 2454 3114 2518 sive

497 2544 666 2607 tertii
727 2544 981 2626 generis
1027 2543 1342 2628 appellavi
1385 2542 1549 2622 (vide
1591 2544 1652 2607 2.
1700 2541 1896 2609 Schol.
1942 2542 2134 2627 Pr0p.
2182 2543 2284 2607 40.
2327 2563 2389 2627 p.
2436 2543 2537 2625 2.),
2583 2542 2833 2627 polleat,
2875 2543 3112 2625 potior-

494 2650 621 2717 que
685 2633 770 2696 sit
836 2634 1201 2716 cognitione
1269 2633 1638 2715 universali,
1705 2652 1901 2716 quam
1946 2631 2213 2698 secundi
2257 2634 2511 2715 generis
2557 2651 2697 2697 esse
2743 2632 2896 2694 dixi.
2942 2630 3108 2695 Nam

493 2722 789 2805 quamvis
851 2723 921 2785 in
964 2723 1170 2805 prima
1213 2719 1405 2786 Parte
1447 2721 1829 2806 generaliter
1872 2722 2277 2803 ostenderim,
2322 2722 2537 2785 omnia
2580 2723 2667 2803 (et
2711 2738 3109 2804 consequen-

491 2815 589 2875 ter
654 2809 932 2875 Mentem
1003 2812 1192 2875 etiam
1254 2810 1623 2892 humanam)
1669 2830 1707 2874 a
1753 2808 1891 2875 Deo
1936 2810 2294 2877 secundum
2341 2810 2678 2876 essentiam
2726 2815 2789 2875 et
2833 2810 3111 2874 existen-

491 2900 644 2962 tiam
712 2899 1021 2984 pendere;
1088 2898 1201 2962 illa
1259 2905 1469 2964 tamen
1532 2899 2005 2992 demonstratiO,
2062 2902 2317 2965 tametsi
2360 2900 2647 2983 legitima
2691 2900 2775 2963 sit
2820 2904 2884 2963 et
2929 2903 3112 2963 extra

492 2986 907 3052 dubitationis
954 2989 1156 3052 aleam
1201 2991 1425 3071 posita,
1470 3007 1601 3052 non
1645 2989 1734 3053 ita
1780 2994 1994 3054 tamen
2041 2987 2319 3054 Mentem
2357 2994 2640 3053 nostram
2678 2987 2891 3070 afficit,
2915 3006 3111 3071 quam

493 3076 750 3160 quando
815 3077 883 3140 id
950 3079 1162 3161 ipsum
1231 3095 1314 3142 ex
1358 3078 1498 3161 ipsa
1542 3080 1821 3143 essentia
1864 3081 1959 3143 rei
2005 3079 2456 3162 cujuscunque
2504 3078 2869 3161 singularis,
2916 3096 3108 3160 quam

491 3184 529 3228 a
577 3163 713 3231 Deo
758 3165 1035 3249 pendere
1080 3166 1372 3249 dicimu8‚
1417 3166 1842 3231 concluditur.

1222 3301 1920 3369 PROPOSITIO
2010 3302 2361 3368 XXXVII.

581 3415 762 3481 Nihil
802 3417 874 3481 in
918 3415 1178 3482 Natura
1221 3416 1431 3494 datur,
1473 3417 1639 3499 quod
1679 3416 1824 3481 huie
1866 3417 2094 3481 Amori
2134 3415 2538 3483 intellectuali
2579 3416 2663 3481 sit
2706 3413 3111 3498 contrarium,

495 3506 620 3571 sive
663 3506 828 3592 quod
871 3505 1075 3590 ipsum
1115 3506 1312 3590 possit
1355 3506 1580 3571 tollere.

1445 3639 2157 3686 onuoNsrnAr1o

582 3706 727 3772 Hic‘
766 3709 1213 3773 intellectualis
1257 3709 1459 3773 Amor
1504 3729 1587 3775 ex
1634 3708 1871 3775 Mentis
1916 3714 2146 3774 natura
2189 3710 2552 3775 necessario
2599 3709 2912 3793 sequitur,
2957 3727 3115 3791 qua-

495 3800 686 3862 tenus
730 3798 886 3880 ipsa,
932 3802 1004 3862 ut
1049 3802 1283 3862 aeterna
1328 3800 1583 3880 veritas,
1626 3818 1741 3883 per
1784 3797 1908 3865 Dei
1953 3804 2248 3863 naturam
2289 3797 2728 3863 consideratur
2765 3799 2900 3880 (per
2923 3796 3113 3880 Prop.

496 3886 599 3950 33.
644 3892 703 3951 et
746 3887 849 3950 29.
896 3885 1131 3969 hujus).
1200 3885 1269 3950 Si
1316 3888 1471 3970 quid
1532 3906 1681 3971 ergo
1737 3888 2017 3970 daretur,
2064 3888 2236 3972 quod
2283 3888 2434 3952 huic
2477 3889 2704 3951 Amori
2752 3891 2919 3951 esset
2963 3905 3116 3949 con-

494 3978 781 4057 trarium,
848 3977 917 4039 id
983 3976 1372 4040 contrarium
1443 3982 1610 4040 esset
1676 3996 1863 4058 ver03
1936 3981 1998 4041 et
2064 3980 2531 4060 consequenter
2589 3975 2675 4058 id,
2721 3974 2896 4059 quod
2940 3975 3118 4038 hunc

495 4065 796 4129 Amorem
844 4070 1058 4149 posset
1104 4065 1343 4146 tollere,
1389 4064 1684 4147 efficeret,
1730 4070 1804 4129 ut
1848 4065 1934 4147 id,
1981 4065 2156 4149 quod
2201 4084 2424 4130 verum
2472 4070 2585 4147 est,
2631 4064 2865 4129 falsum
2907 4069 3112 4144 esset3

498 4154 670 4237 quod
736 4157 829 4235 (ut
889 4173 1004 4238 per
1073 4173 1137 4217 se
1200 4158 1439 4232 notum)
1502 4158 1600 4218 est
1662 4153 2032 4220 absurdum.
2077 4154 2248 4239 Ergo
2295 4154 2456 4218 nihil
2501 4156 2570 4218 in
2617 4153 2864 4218 Natura
2908 4153 3118 4236 datur,

497 4246 613 4307 etc.
666 4241 733 4321 Q.
780 4241 856 4307 Ε.
903 4241 985 4307 D.

1585 4350 2059 4397 sonon1nu.

584 4419 799 4484 Partis
866 4419 1126 4497 Quartae
1186 4421 1466 4485 Axioma
1525 4440 1628 4486 res
1674 4422 2032 4504 singulares
2077 4422 2354 4505 respicit,
2399 4425 2716 4505 quatenus
2761 4439 2910 4484 cum
2955 4419 3119 4485 rela-

498 4509 671 4574 tione
738 4509 819 4573 ad
885 4515 1129 4574 certum
1193 4516 1447 4594 tempus
1516 4515 1578 4574 et
1644 4510 1861 4574 locum
1924 4510 2442 4590 considerantur3
2493 4508 2572 4574 de
2618 4527 2747 4593 quo
2794 4509 3118 4574 neminem

498 4597 793 4662 dubitare
841 4599 1045 4663 credo.

1222 4684 1920 4751 PROPOSITIO
2010 4686 2394 4754 XXXVIII.

594 4799 728 4881 Quo
768 4797 985 4884 plures
1028 4819 1128 4864 res
1170 4799 1436 4864 secundo
1479 4804 1539 4865 et
1583 4800 1762 4865 tertio
1805 4800 2169 4883 aequitionis
2207 4820 2434 4885 genere
2477 4798 2670 4865 Mens
2706 4796 3016 4881 intelliyit,
3050 4818 3122 4862 eo

499 4890 709 4955 minus
751 4891 894 4974 ipsa
936 4886 1017 4954 ab
1061 4888 1424 4974 affectibus,
1461 4889 1572 4975 qui
1606 4888 1761 4955 mali
1795 4895 1965 4974 sunt,
1997 4890 2259 4975 patitur,
2295 4896 2351 4954 et
2388 4893 2643 4954 mortem
2678 4889 2894 4954 minus
2932 4887 3123 4953 timet.
