3609 5642
1400 542 1482 587 nn
1525 542 1861 588 smmum
1903 544 2181 590 sumn.
2978 524 3107 590 115

564 705 718 786 (Sed
764 710 943 773 venit
987 709 1091 773 hic
1135 714 1440 793 praeterea
1483 711 1858 793 notandum,
1906 711 2079 795 quod
2125 715 2200 776 ut
2244 711 2391 795 loci,
2432 710 2524 775 sic
2569 712 2761 776 etiam
2799 712 3106 796 temporis

477 796 847 861 distantiam
915 817 1044 861 non
1115 800 1241 864 nisi
1308 817 1519 882 usque
1585 799 1665 863 ad
1733 805 1979 865 certum
2043 800 2363 884 quendam
2421 800 2691 866 limitem
2755 819 3105 885 possumus

478 885 775 951 distincte
819 888 1190 971 imaginari3
1239 888 1359 952 hoc
1405 894 1518 971 est,
1556 889 1724 953 sicut
1762 890 1978 953 omnia
2014 889 2125 954 illa
2150 889 2412 973 objecta,
2438 909 2581 973 quae
2606 889 2773 954 ultra
2797 890 3106 955 ducentos

478 974 673 1058 pedes
741 995 779 1038 a
845 975 1030 1041 nobis
1093 977 1351 1059 distant,
1412 996 1526 1042 seu
1591 996 1870 1060 quorum
1932 979 2233 1043 distantia
2277 998 2315 1042 a
2361 980 2520 1061 loco,
2564 980 2634 1041 in
2682 997 2812 1062 quo
2860 998 3106 1062 sumus,

476 1062 657 1127 illam
725 1069 1004 1148 superat,
1072 1086 1266 1149 quam
1330 1066 1628 1130 distincte
1685 1067 2138 1150 imaginamur,
2180 1086 2364 1151 aeque
2423 1086 2462 1131 a
2507 1066 2696 1132 nobis
2744 1067 2999 1149 distare,
3043 1074 3107 1132 et

477 1152 758 1236 perinde,
827 1173 900 1218 ac
968 1157 1024 1218 si
1089 1157 1158 1218 in
1221 1155 1444 1220 eodem
1506 1155 1696 1241 plano
1745 1160 1978 1238 essent,
2021 1158 2358 1241 imaginari
2407 1157 2724 1236 solemus3
2774 1158 2868 1220 sic
2914 1158 3104 1221 etiam

476 1241 739 1323 objecta,
787 1261 1063 1326 quorum
1109 1244 1428 1309 existendi
1473 1249 1727 1328 tempus
1774 1244 2063 1328 longiore
2108 1265 2145 1309 a
2181 1246 2482 1329 proesenti
2518 1245 2857 1310 intervallo
2883 1244 3107 1310 abesse

473 1332 924 1415 imaginamur,
972 1351 1165 1415 quam
1212 1333 1384 1416 quod
1430 1333 1726 1399 distincte
1762 1335 2103 1417 imaginari
2142 1335 2443 1417 solemuS,
2468 1336 2682 1398 omnia
2706 1352 2892 1419 aeque
2915 1335 3106 1418 longe

478 1439 517 1483 a
580 1422 878 1504 proesenti
939 1421 1173 1486 distare
1231 1423 1683 1506 imaginamur,
1734 1426 1797 1486 et
1857 1423 1938 1487 ad
1987 1442 2190 1487 unum
2237 1423 2424 1507 quasi
2468 1426 2774 1507 temporis
2820 1442 3106 1489 momen·

476 1513 617 1573 tum
662 1508 1041 1588 referimus.)

565 1596 707 1661 VH.
757 1597 884 1661 Per
928 1597 1143 1681 finem,
1189 1601 1377 1682 cujus
1423 1618 1617 1665 causa
1662 1600 1910 1683 aliquid
1954 1599 2246 1681 facimuS,
2289 1602 2643 1685 appetitum
2691 1600 2997 1684 intelligo.

563 1686 742 1750 VIII.
789 1686 915 1751 Per
960 1688 1261 1753 virtutem
1309 1692 1373 1753 et
1417 1691 1767 1773 potentiam
1814 1688 1985 1754 idem
2024 1690 2346 1772 intellig03
2387 1689 2508 1754 hoc
2551 1694 2648 1754 est
2669 1691 2807 1772 (per
2829 1689 3020 1773 Prop.
3043 1688 3101 1753 7.

475 1795 539 1859 p.
589 1775 690 1857 3.),
736 1777 959 1861 virtuS,
1005 1782 1329 1860 quatenus
1370 1778 1450 1841 ad
1497 1777 1820 1843 hominem
1865 1777 2158 1861 refertur,
2203 1783 2302 1843 est
2346 1779 2484 1863 ipsa
2523 1779 2802 1843 hominis
2826 1779 3107 1843 essentia

477 1882 594 1928 seu
663 1870 913 1948 natura,
981 1870 1303 1950 quatenus
1371 1871 1744 1951 potestatem
1806 1865 1996 1931 habet
2058 1868 2353 1951 quaedam
2417 1866 2756 1951 efficiendi,
2801 1887 2945 1952 quae
2991 1885 3106 1950 per

474 1953 645 2017 solas
690 1954 895 2038 ipsius
940 1960 1187 2020 naturae
1232 1955 1408 2041 leges
1453 1960 1728 2039 possunt
1770 1956 2062 2041 intelligi.
2540 1991 2545 2000 ·

1566 2092 2044 2159 AXIOMA.

563 2203 760 2269 Nulla
804 2223 906 2269 res
952 2206 1300 2292 singularis
1347 2209 1413 2270 in
1462 2225 1680 2273 rerum
1726 2207 1977 2272 Natura
2023 2207 2229 2290 datur,
2274 2228 2405 2292 qua
2442 2209 2758 2293 potentior
2798 2210 2861 2271 et
2883 2206 3106 2271 fortior

480 2312 613 2356 non
683 2293 868 2359 detur
934 2295 1075 2359 alia.
1137 2294 1263 2361 Sed
1327 2299 1716 2381 quacunque
1763 2297 1912 2361 data
1957 2297 2146 2362 datur
2191 2298 2316 2362 alia
2361 2299 2693 2382 potentior,
2738 2316 2775 2361 a
2821 2315 2952 2379 qua
2995 2295 3107 2359 illa

481 2383 631 2447 data
675 2387 884 2466 potest
928 2384 1190 2449 destrui.

1363 2497 2066 2565 PROPOSITIO
2157 2499 2207 2563 Ι.

562 2607 759 2692 Nihil,
804 2610 970 2694 quod
1010 2609 1155 2675 idea
1199 2608 1372 2695 falsa
1414 2611 1745 2691 positivum
1788 2610 1987 2695 habet,
2034 2612 2277 2677 tollitur
2316 2611 2657 2694 praesentia
2700 2611 2850 2694 veri,
2888 2614 3101 2697 quate-

475 2716 607 2761 nus
649 2718 879 2763 verum·
1444 2808 2161 2855 DnMoNsrRAmo.

560 2886 830 2953 Falsitas
876 2890 944 2952 in
993 2889 1130 2953 sola
1175 2890 1529 2972 privatione
1574 2892 1981 2974 cognitionis,
2028 2910 2224 2973 quam
2263 2890 2427 2955 ideae
2450 2891 2877 2975 inadaequatae
2901 2888 3105 2953 invol-

476 2983 657 3055 vunt,
705 2978 998 3042 consistit
1043 2983 1179 3061 (per
1225 2977 1414 3062 Prop.
1461 2978 1564 3044 35.
1608 2998 1671 3063 p.
1717 2979 1823 3061 2.),
1861 2999 1981 3045 nec
2018 2981 2178 3063 ipsae
2207 2979 2453 3064 aliquid
2477 2980 2716 3046 habent
2737 2980 3106 3063 positivum,

472 3071 733 3149 propter
792 3067 964 3150 quod
1010 3067 1189 3131 falsae
1238 3067 1544 3133 dicuntur
1588 3073 1725 3152 (per
1769 3069 1959 3153 Prop.
2009 3068 2113 3134 33.
2158 3088 2220 3153 p.
2266 3070 2398 3149 2.);
2450 3070 2563 3134 sed
2608 3073 2848 3151 contra,
2886 3071 3108 3151 quate·

468 3173 596 3218 nus
665 3155 745 3218 ad
813 3153 1024 3220 Deum
1092 3155 1478 3240 referuntur,
1543 3176 1714 3223 verae
1763 3165 1917 3223 sunt
1961 3163 2098 3242 (per
2146 3157 2335 3242 Prop.
2385 3157 2489 3222 32.
2534 3178 2597 3242 p.
2640 3158 2743 3237 2.).
2791 3156 2859 3220 Si
2903 3157 3104 3241 igitur

465 3242 554 3324 id,
623 3243 796 3326 quod
852 3244 997 3309 idea
1054 3245 1217 3310 falsa
1262 3248 1611 3330 positivum
1658 3246 1865 3329 habet,
1913 3248 2261 3332 praesentia
2311 3248 2464 3331 veri,
2511 3251 2835 3331 quatenus
2881 3264 3105 3309 verum

466 3335 582 3412 est,
627 3331 975 3416 tolleretur,
1027 3334 1358 3400 tolleretur
1404 3354 1556 3419 ergo
1601 3336 1745 3401 idea
1792 3354 1943 3401 vera
1990 3356 2028 3400 a
2070 3355 2140 3402 se
2187 3337 2346 3420 ipsa,
2392 3337 2566 3420 quod
2613 3340 2753 3420 (per
2800 3335 2992 3418 Prop.
3044 3333 3105 3397 4.

464 3439 527 3504 p.
578 3420 661 3499 3.)
707 3425 804 3487 est
843 3422 1214 3488 absurdum.
1260 3423 1433 3509 Ergo
1479 3424 1675 3507 Nihil,
1722 3426 1895 3509 quod
1939 3426 2101 3509 idea,
2148 3430 2267 3489 etc.
2320 3423 2388 3504 Q.
2436 3423 2517 3490 E.
2563 3422 2648 3489 D.

1557 3555 2030 3602 SCHOLIUM.

567 3632 955 3721 Intelligitur
999 3637 1137 3700 haec
1180 3636 1539 3721 Propositio
1586 3638 1823 3702 clarius
1869 3657 1953 3702 ex
1999 3641 2057 3702 2.
2098 3636 2326 3702 Coroll.
2362 3637 2550 3722 Prop.
2594 3636 2693 3701 16.
2731 3656 2792 3721 p.
2830 3637 2891 3699 2.
2926 3632 3094 3698 Nam

479 3723 852 3808 imaginatio
902 3725 1046 3790 idea
1091 3731 1205 3809 est,
1252 3746 1399 3810 quae
1447 3728 1651 3810 magis
1699 3725 1998 3810 Corporis
2045 3729 2314 3792 humani
2360 3732 2742 3811 praesentem
2787 3725 3100 3789 constitu-

478 3812 737 3895 tionem,
786 3833 981 3897 quam
1026 3816 1308 3899 corporis
1352 3817 1605 3882 externi
1649 3820 1946 3881 naturam
1993 3817 2264 3897 indicat3
2316 3835 2443 3880 non
2488 3815 2746 3900 quidem
2787 3814 3107 3895 distincte,

478 3900 592 3965 sed
661 3903 957 3983 confuse3
1031 3905 1203 3970 unde
1269 3903 1360 3987 fit,
1432 3909 1502 3968 ut
1560 3902 1744 3969 Mens
1804 3924 2019 3972 errare
2079 3906 2346 3970 dicatur.
2405 3905 2527 3969 Ex.
2571 3925 2665 3989 gr.
2711 3922 2859 3967 cum
2904 3901 3105 3967 solem

476 3990 825 4075 intuemur,
870 3992 1148 4058 eundem
1199 3993 1509 4059 ducentos
1554 3994 1804 4059 circiter
1849 3995 2043 4078 pedes
2090 4015 2129 4058 a
2166 3994 2352 4059 nobis
2377 3994 2610 4059 distare
2632 3994 3102 4076 imaginamur3

478 4080 546 4141 in
619 4100 748 4164 quo
810 4081 1054 4145 tamdiu
1113 4081 1416 4164 fallimur,
1463 4083 1776 4166 quamdiu
1823 4102 2044 4149 veram
2091 4085 2231 4167 ejus
2279 4084 2647 4148 distantiam
2692 4084 3102 4166 ignoramus;

479 4168 594 4231 sed
639 4172 895 4253 cognita
939 4171 1224 4253 ejusdem
1271 4172 1573 4237 distantia
1616 4172 1862 4237 tollitur
1910 4173 2171 4256 quidem
2210 4191 2403 4253 error,
2427 4172 2538 4239 sed
2561 4190 2692 4235 non
2714 4170 3108 4254 imaginatio,

479 4256 600 4321 hoc
669 4264 766 4324 est
832 4258 975 4323 idea
1045 4261 1217 4342 solis,
1277 4278 1424 4344 quae
1487 4260 1775 4343 ejusdem
1837 4268 2132 4326 naturam
2197 4265 2464 4327 eatenus
2507 4265 2759 4325 tantum
2807 4259 3106 4342 explicat,

480 4350 799 4429 quatenus
847 4346 1093 4432 Corpus
1137 4347 1217 4413 ab
1264 4351 1487 4414 eodem
1532 4348 1840 4430 afficitur3
1891 4350 2197 4434 adeoque,
2243 4352 2538 4434 quamvis
2578 4367 2794 4413 veram
2817 4347 3105 4431 ejusdem

480 4436 849 4501 distantiam
917 4455 1278 4521 noscamus,
1322 4440 1537 4522 ipsum
1585 4439 2008 4504 nihilominus
2053 4458 2248 4524 prope
2293 4439 2481 4505 nobis
2528 4438 2752 4503 adesse
2796 4438 3107 4521 imagina-

480 4523 712 4589 bimur.
780 4524 948 4589 Nam
1011 4531 1085 4590 ut
1143 4529 1211 4590 in
1277 4525 1482 4592 Schol.
1528 4526 1716 4612 Prop.
1766 4530 1869 4593 35.
1916 4550 1976 4612 p.
2025 4531 2084 4593 2.
2132 4529 2441 4612 diximus,
2488 4547 2619 4592 non
2665 4545 2742 4592 ea
2785 4528 2865 4592 de
2912 4545 3106 4591 causa

481 4613 680 4679 solem
727 4614 883 4679 adeo
928 4616 1365 4700 propinquum
1411 4618 1857 4702 imaginamur,
1904 4618 2057 4702 quia
2102 4619 2243 4701 ejus
2279 4636 2493 4683 veram
2536 4617 2902 4682 distantiam
2924 4617 3106 4700 igno-

481 4722 734 4782 ramus3
782 4704 894 4769 sed
943 4705 1095 4788 quia
1139 4704 1326 4770 Mens
1371 4713 1638 4772 eatenus
1683 4707 2196 4791 magnitudinem
2236 4707 2391 4772 solis
2438 4708 2735 4790 concipit,
2782 4710 3105 4789 quatenus
3147 4744 3154 4750 -
3209 4759 3214 4764 .

483 4790 727 4876 Corpus
785 4791 865 4857 ab
926 4794 1147 4859 eodem
1194 4794 1488 4862 afficitur.
1536 4795 1642 4860 Sic
1690 4814 1837 4861 cum
1886 4795 2039 4860 solis
2082 4796 2266 4880 radii,
2309 4816 2495 4882 aquae
2541 4793 2902 4881 superficiei
2945 4794 3104 4857 inci-

481 4880 722 4965 dentes,
767 4881 848 4946 ad
893 4887 1147 4948 nostros
1193 4884 1415 4950 oculos
1460 4882 1899 4969 reflectuntur,
1945 4885 2223 4951 eundem
2269 4886 2553 4969 perinde,
2597 4903 2671 4949 ac
2717 4885 2774 4948 si
2818 4885 2885 4947 in
2934 4900 3104 4966 aqua
