3609 5642
1357 508 1439 552 nn
1475 507 1813 553 suavus-rn-
1856 507 2133 553 numa.
2925 485 3054 548 123

424 673 718 739 homines
785 672 1077 739 Rationis
1147 678 1465 758 praecepta
1532 693 1664 738 non
1734 678 2008 755 servent,
2077 673 2379 757 explicui.
2442 671 2748 756 Superest
2783 670 2936 754 jam,
2982 672 3055 733 ut

425 763 778 844 ostendam,
823 762 982 846 quid
1026 762 1092 826 id
1137 764 1237 844 sit,
1278 762 1452 847 quod
1496 762 1683 828 Ratio
1730 763 1917 828 nobis
1962 762 2337 847 praescribit,
2381 767 2446 826 et
2485 763 2750 845 quinam
2790 759 3054 824 affectus

425 871 577 916 cum
624 851 916 916 Rationis
960 852 1265 916 humanae
1314 852 1556 937 regulis
1601 854 2007 934 conveniant,
2053 853 2318 935 quinam
2366 857 2588 914 contra
2632 849 2856 914 iisdem
2904 868 3054 912 con-

425 942 607 1005 trarii
652 942 798 1006 sint.
846 940 971 1006 Sed
1016 946 1360 1025 antequam
1407 942 1547 1005 haec
1585 941 1839 1026 prolixo
1880 945 2098 1006 nostro
2125 940 2522 1005 Geometrico
2547 938 2771 1003 ordine
2796 937 3054 1002 demon-

423 1036 627 1095 strare
671 1031 995 1114 incipiam,
1040 1030 1219 1094 lubet
1265 1032 1405 1114 ipsa
1449 1030 1743 1095 Rationis
1790 1030 2136 1095 dictamina
2183 1030 2287 1093 hic
2325 1030 2504 1113 prius
2545 1028 2820 1093 breviter
2845 1031 3054 1091 osten-

427 1119 595 1201 dere,
640 1123 712 1183 ut
759 1137 851 1201 ea,
899 1138 1046 1203 quae
1092 1119 1317 1202 sentio,
1354 1119 1610 1185 facilius
1647 1120 1728 1185 ab
1769 1138 2163 1204 unoquoque
2199 1120 2651 1204 percipiantur.
2684 1115 2846 1181 Cum
2868 1114 3055 1180 Ratio

427 1208 589 1271 nihil
656 1214 877 1272 contra
940 1207 1252 1273 Naturam
1323 1210 1621 1291 postulet,
1690 1209 1974 1293 postulat
2041 1227 2191 1293 ergo
2250 1210 2408 1291 ipsa,
2470 1212 2543 1271 ut
2604 1206 3057 1290 unusquisque

426 1299 709 1381 seipsum
765 1302 953 1380 amet,
998 1316 1190 1362 suum
1239 1298 1417 1380 utile,
1465 1299 1636 1382 quod
1682 1317 1907 1362 revera
1953 1297 2110 1363 utile
2156 1302 2272 1379 est,
2319 1300 2586 1380 quaerat,
2631 1300 2694 1361 et
2737 1294 2804 1359 id
2851 1313 3058 1377 omne,

428 1385 603 1469 quod
668 1387 993 1451 hominem
1041 1387 1122 1452 ad
1168 1388 1471 1470 majorem
1516 1386 1966 1471 perfectionem
2010 1405 2234 1452 revera
2279 1385 2475 1468 ducit,
2518 1389 2791 1469 appetat,
2840 1389 2903 1448 et
2947 1383 3056 1446 ab·

427 1475 653 1555 solute,
721 1481 793 1540 ut
861 1477 1313 1560 unusquisque
1382 1496 1575 1541 suum
1648 1495 1806 1559 esse,
1873 1479 2186 1560 quantum
2254 1476 2322 1538 in
2387 1492 2456 1539 se
2516 1484 2629 1557 est,
2675 1490 3058 1538 conservare

430 1568 716 1629 conetur.
785 1562 955 1640 Quid
1025 1565 1283 1649 quidem
1349 1569 1481 1629 tam
1544 1567 1904 1630 necessario
1952 1584 2175 1629 verum
2223 1569 2338 1645 est,
2384 1582 2579 1647 quam
2628 1563 2803 1646 quod
2849 1566 3055 1626 totum

431 1655 516 1718 sit
561 1673 680 1718 sua
721 1659 899 1736 parte
945 1656 1153 1737 majus
1192 1652 1380 1734 (Vide
1417 1653 1609 1738 Prop.
1648 1654 1707 1717 4.
1744 1673 1808 1738 p.
1849 1654 1947 1735 3.).
1987 1652 2254 1735 Deinde,
2291 1652 2810 1737 quandoquidem
2849 1652 3057 1716 virtus

428 1746 567 1826 (per
610 1739 822 1823 Defin.
872 1742 935 1806 8.
981 1742 1196 1826 hujus)
1241 1744 1401 1806 nihil
1448 1742 1626 1807 aliud
1670 1750 1784 1826 est,
1832 1763 2026 1828 quam
2073 1762 2157 1807 ex
2201 1742 2451 1826 legibus
2495 1742 2769 1826 propriae
2808 1744 3058 1804 naturae

432 1849 637 1916 agere,
681 1836 744 1896 et
788 1850 978 1895 nemo
1024 1852 1217 1898 suum
1263 1849 1405 1897 esse
1449 1835 1584 1917 (per
1627 1831 1823 1917 Prop.
1871 1831 1930 1896 7.
1973 1851 2036 1917 p.
2083 1832 2166 1912 3.)
2204 1849 2582 1896 conservare
2623 1835 2906 1912 conetur,
2929 1829 3059 1893 nisi

433 1939 520 1986 ex
586 1921 863 2005 propriae
911 1940 1049 1985 suae
1093 1926 1343 1985 naturae
1388 1921 1678 2005 legibus,
1727 1923 1880 1985 hinc
1926 1923 2221 2006 sequitur
2260 1919 2481 2004 prime,
2526 1920 2783 1984 virtutis
2827 1917 3058 1982 funda-

431 2015 724 2075 mentum
770 2028 911 2075 esse
954 2012 1168 2095 ipsum
1214 2014 1514 2074 conatum
1561 2012 1893 2095 proprium
1937 2029 2078 2077 esse
2115 2009 2554 2092 conservandi,
2592 2014 2656 2073 et
2691 2008 3058 2074 felicitatem

430 2100 496 2162 in
570 2117 645 2164 eo
713 2101 1078 2183 consistere,
1148 2099 1322 2184 quod
1392 2099 1581 2164 homo
1643 2119 1836 2165 suum
1898 2118 2041 2165 esse
2085 2116 2465 2164 conservare
2509 2103 2733 2182 potest.
2780 2095 3061 2163 Secundo

431 2188 745 2272 sequitur,
811 2189 1116 2254 virtutem
1183 2193 1441 2273 propter
1507 2207 1577 2254 se
1637 2208 1777 2254 esse
1823 2188 2262 2273 appetendam,
2305 2207 2427 2252 nec
2474 2189 2840 2271 quicquam,
2886 2185 3059 2270 quod

430 2278 574 2361 ipsa
617 2276 1049 2361 praestabilius
1095 2286 1207 2343 aut
1252 2278 1427 2362 quod
1475 2278 1704 2343 utilius
1750 2277 1934 2343 nobis
1981 2279 2082 2361 sit,
2127 2277 2282 2358 dari,
2327 2278 2514 2359 cujus
2562 2278 2758 2341 causa
2804 2275 3060 2341 deberet

430 2367 664 2450 appeti.
729 2365 940 2431 Tertio
1007 2367 1285 2451 denique
1346 2369 1661 2450 sequitur,
1722 2385 1852 2450 eos,
1914 2368 2029 2450 qui
2088 2385 2158 2430 se
2204 2365 2615 2448 interficiunt,
2660 2367 2874 2429 animo
2919 2383 3061 2430 esse

429 2456 832 2539 impotentes,
879 2474 1119 2541 eosque
1165 2476 1203 2520 a
1247 2457 1462 2520 causis
1508 2457 1813 2539 externis,
1859 2475 1998 2520 suae
2043 2461 2294 2520 naturae
2332 2453 2858 2539 repugnantibus,
2881 2473 3059 2538 pror-

432 2562 551 2608 sus
607 2546 800 2607 vinci.
861 2543 1061 2610 Porro
1110 2564 1194 2609 ex
1237 2543 1573 2609 Postulato
1617 2547 1679 2609 4.
1724 2547 1923 2629 partis
1971 2546 2029 2609 2.
2076 2546 2389 2628 sequitur,
2433 2562 2554 2608 nos
2599 2542 2849 2609 efficere
2891 2562 3060 2607 nun-

432 2652 626 2716 quam
689 2651 899 2717 posse,
956 2641 1030 2700 ut
1087 2633 1250 2697 nihil
1309 2638 1493 2699 extra
1536 2652 1656 2699 nos
1701 2635 2106 2718 indigeamus
2153 2634 2233 2698 ad
2278 2637 2571 2698 nostrum
2619 2650 2761 2697 esse
2805 2650 3059 2697 conser-

431 2722 738 2804 vandum,
797 2727 859 2786 et
913 2727 985 2787 ut
1030 2724 1120 2787 ita
1164 2724 1481 2806 vivamus,
1529 2728 1603 2787 ut
1649 2724 1905 2787 nullum
1952 2724 2407 2787 commercium
2456 2741 2604 2786 cum
2653 2721 2866 2803 rebus,
2912 2740 3059 2805 quae

430 2815 614 2877 extra
658 2830 779 2876 nos
825 2817 996 2894 sunt,
1040 2811 1424 2893 habeamus3
1473 2816 1553 2894 et,
1599 2813 1654 2876 si
1699 2817 2009 2897 praeterea
2049 2816 2333 2877 nostram
2373 2810 2653 2877 Mentem
2680 2815 3061 2894 spectemus,

431 2917 589 2964 sane
631 2905 851 2965 noster
892 2901 1258 2966 intellectus
1305 2900 1731 2985 imperfectior
1777 2907 1965 2983 esset,
2010 2903 2067 2966 si
2112 2900 2298 2967 Mens
2346 2901 2482 2966 sola
2522 2905 2710 2980 esset,
2735 2918 2856 2965 nec
2879 2901 3059 2983 quic-

434 3007 630 3073 quam
676 2994 908 3073 praeter
952 3010 1022 3055 se
1069 2992 1272 3075 ipsam
1317 2990 1718 3074 intelligeret.
1763 2989 1971 3055 Multa
2013 2992 2214 3074 igitur
2250 2996 2434 3056 extra
2473 3009 2593 3054 nos
2634 2989 2885 3072 dantur,
2911 3009 3060 3072 quae

431 3077 621 3142 nobis
667 3078 868 3160 utilia,
914 3099 1195 3164 quaeque
1239 3083 1569 3164 propterea
1614 3079 1970 3164 appetenda
2015 3086 2185 3145 sunt.
2230 3079 2336 3142 Ex
2377 3080 2479 3144 his
2522 3079 2706 3143 nulla
2751 3083 3060 3163 praestan-

431 3168 593 3231 tiora
661 3170 1011 3251 excogitari
1077 3174 1367 3253 possunt,
1435 3188 1630 3253 quam
1696 3187 1787 3252 ea,
1849 3188 1999 3253 quae
2060 3188 2210 3234 cum
2255 3173 2475 3233 nostra
2520 3174 2752 3232 natura
2797 3186 3061 3252 prorsus

431 3258 843 3321 conveniunt.
911 3256 981 3322 Si
1048 3259 1221 3338 enim
1291 3256 1419 3320 duo
1478 3277 1580 3322 ex.
1625 3278 1723 3342 gr.
1770 3258 2057 3341 ejusdem
2120 3277 2385 3342 prorsus
2431 3262 2678 3321 naturae
2723 3257 3062 3322 individua

432 3346 708 3410 invicem
768 3347 1156 3430 Junguntur,
1220 3346 1629 3411 individuum
1699 3351 2093 3431 componunt
2160 3347 2416 3431 singulo
2478 3346 2673 3430 duplo
2719 3348 3061 3430 potentius,

431 3433 703 3499 Homini
747 3436 947 3519 igitur
990 3436 1153 3499 nihil
1198 3436 1458 3500 homine
1502 3436 1757 3513 utilius;
1800 3436 1983 3519 nihil,
2021 3437 2310 3520 inquam,
2331 3437 2623 3502 homines
2646 3437 3060 3519 praestantius

433 3523 514 3587 ad
580 3543 772 3589 suum
842 3541 984 3590 esse
1051 3525 1562 3589 conservandum
1633 3530 1850 3609 optare
1909 3530 2198 3610 possunt,
2245 3545 2439 3609 quam
2504 3523 2677 3609 quod
2724 3543 2946 3589 omnes
2993 3527 3059 3588 in

433 3612 737 3678 omnibus
803 3615 894 3679 ita
962 3614 1364 3696 conveniant,
1424 3618 1497 3678 ut
1557 3616 1844 3679 omnium
1906 3613 2155 3680 Mentes
2200 3619 2265 3679 et
2310 3612 2586 3698 Corpora
2633 3633 2828 3678 unam
2875 3617 3063 3698 quasi

437 3700 718 3767 Mentem
784 3721 1116 3787 unumque
1176 3700 1423 3787 Corpus
1468 3710 1874 3787 componant,
1919 3708 1981 3768 et
2026 3722 2249 3768 omnes
2297 3704 2510 3784 simul,
2555 3708 2869 3787 quantum
2917 3722 3061 3787 pos-

435 3796 607 3873 sunt,
668 3811 861 3856 suum
922 3811 1064 3858 esse
1109 3810 1489 3858 conservare
1535 3799 1868 3874 conentur,
1913 3812 2265 3877 omnesque
2310 3793 2506 3857 simul
2552 3794 2841 3856 omnium
2890 3811 3062 3856 com-

435 3899 631 3944 mune
700 3881 857 3946 utile
924 3882 1047 3946 sibi
1110 3887 1436 3965 quaerant3
1497 3900 1580 3946 ex
1632 3882 1872 3966 quibus
1918 3884 2230 3967 sequitur,
2276 3882 2586 3958 homineS,
2632 3884 2747 3965 qui
2789 3879 3062 3946 Ratione

431 3968 893 4053 gubernantur,
939 3970 1059 4034 hoc
1104 3977 1201 4036 est
1247 3971 1556 4053 homineS,
1603 3973 1716 4054 qui
1759 3990 1844 4035 ex
1891 3971 2088 4036 ductu
2129 3970 2420 4036 Rationis
2461 3991 2656 4036 suum
2689 3970 2845 4035 utile
2883 3990 3061 4054 quae-

433 4063 605 4140 runt,
664 4059 827 4122 nihil
888 4058 1013 4123 sibi
1057 4063 1370 4144 appetere,
1417 4060 1588 4143 quod
1636 4060 1906 4144 reliquis
1952 4059 2320 4124 hominibus
2368 4080 2499 4124 non
2546 4061 2827 4144 cupiant,
2869 4066 3063 4144 atque

433 4147 590 4212 adeo
637 4146 892 4212 eosdem
932 4148 1162 4230 justos,
1207 4147 1387 4230 fidos,
1433 4154 1629 4232 atque
1673 4149 1975 4215 honestos
2021 4168 2179 4214 esse.

520 4234 685 4300 Haec
727 4237 838 4300 illa
881 4235 1175 4302 Rationis
1221 4237 1569 4302 dictamina
1615 4244 1790 4320 sunt,
1835 4258 1983 4323 quae
2029 4239 2133 4301 hic
2177 4239 2402 4321 paucis
2449 4237 2785 4303 ostendere
2828 4256 3060 4322 propo-

435 4343 713 4407 sueram,
779 4329 1122 4410 antequam
1193 4327 1413 4391 eadem
1480 4326 1818 4411 prolixiori
1886 4328 2109 4393 ordine
2174 4327 2610 4392 demonstrare
2677 4328 3061 4411 inciperem;

436 4413 611 4497 quod
655 4432 731 4479 ea
776 4414 855 4478 de
897 4434 1091 4479 causa
1135 4414 1276 4497 feci,
1322 4421 1412 4497 ut,
1459 4417 1515 4479 si
1558 4415 1698 4479 fieri
1743 4422 1975 4500 posset,
2015 4435 2237 4480 eorum
2275 4418 2690 4481 attentionem
2729 4417 2888 4481 mihi
2912 4435 3061 4480 con-

435 4503 738 4585 ciliarem,
783 4504 896 4587 qui
941 4504 1227 4587 credunt,
1272 4504 1391 4568 hoc
1434 4504 1842 4588 principium,
1886 4505 2059 4590 quod
2097 4505 2338 4570 scilicet
2375 4507 2830 4589 unusquisque
2868 4525 3061 4571 suum

435 4592 594 4656 utile
664 4611 954 4675 quaerere
1013 4598 1284 4675 tenetur,
1342 4594 1705 4677 impietatiS,
1764 4614 1896 4658 non
1943 4599 2159 4659 autem
2206 4596 2466 4659 virtutis
2514 4598 2575 4660 et
2621 4595 2874 4678 pietatis
2921 4614 3063 4661 esse

434 4680 944 4745 fundamentum.
989 4681 1341 4766 Postquam
1387 4683 1587 4766 igitur
1632 4702 1767 4747 rem
1815 4702 1955 4748 sese
1999 4688 2221 4748 contra
2263 4683 2495 4749 habere
2535 4684 2810 4749 breviter
2848 4689 3063 4749 osten-

434 4770 658 4924 (ἐπίῃ),
707 4788 909 4924 tperga)
969 4772 1050 4836 ad
1098 4771 1363 4837 eandem
1411 4772 1633 4836 eadem
1680 4774 1804 4856 via,
1851 4793 1979 4857 qua
2022 4773 2150 4837 huc
2191 4792 2400 4857 usque
2446 4775 2767 4858 progressi
2814 4792 3063 4858 sumus,

480 4877 704 4924 emons
734 4878 847 4924 ran
896 4879 1026 4925 um.
