3609 5642
531 545 614 609 52
1564 561 1814 608 mmcns
1858 561 2013 607 PARS
2056 561 2120 606 11.

530 749 723 814 quam
793 732 1112 813 quatenus
1155 729 1332 794 ideas
1376 728 1565 794 habet
1611 728 1897 811 ejusdem
1944 727 2374 809 affectionum,
2422 746 2567 810 quae
2613 731 2762 811 (per
2806 725 3001 813 Prop.
3047 725 3153 803 16,

528 819 633 901 25,
679 822 738 883 et
780 818 883 883 27.
929 816 1148 902 hujus)
1212 822 1343 881 tam
1413 817 1710 901 Corporis
1778 818 2046 882 humani
2108 836 2301 901 quam
2349 834 2688 900 corporum
2735 821 3150 881 externorum

527 912 821 972 naturam
891 926 974 973 ex
1042 911 1220 992 parte
1285 907 1660 988 involvunt3
1732 907 1856 971 hoc
1923 910 2021 971 est
2079 911 2229 986 (per
2272 904 2467 988 Prop.
2514 905 2617 969 12.
2665 911 2723 970 et
2768 905 2871 968 13.
2915 903 3153 988 hujus),

527 997 662 1060 haec
705 996 850 1061 idea
894 997 1014 1060 erit
1060 997 1420 1060 necessario
1464 997 1532 1059 in
1579 993 1715 1060 Deo
1758 995 2110 1079 adaequata,
2149 999 2470 1078 quatenus
2493 993 2776 1059 Mentem
2800 994 3152 1059 humanam

527 1086 878 1166 constituit,
942 1085 1080 1149 sive
1149 1090 1466 1168 quatenus
1533 1084 1710 1149 ideas
1778 1083 1987 1163 habet,
2052 1103 2195 1168 quae
2255 1085 2323 1146 in
2372 1082 2590 1148 Mente
2635 1084 2915 1147 humana
2960 1090 3149 1162 sunt3

528 1173 714 1239 Mens
759 1175 959 1258 igitur
1005 1174 1154 1257 (per
1201 1171 1420 1238 Coroll.
1465 1171 1661 1253 Prop.
1709 1172 1813 1237 11.
1860 1171 2074 1256 hujus)
2119 1173 2180 1236 A
2227 1173 2586 1237 necessario
2634 1172 2966 1256 adaequate
3011 1190 3156 1256 per-

528 1265 700 1347 cipit,
767 1263 964 1348 idque
1024 1267 1154 1326 tam
1202 1266 1522 1346 qnatenus
1568 1280 1656 1345 se,
1701 1282 1895 1345 quam
1945 1266 2265 1347 quatenus
2311 1281 2524 1345 suum,
2568 1261 2672 1326 vel
2719 1262 3156 1345 quodcunque

530 1356 870 1418 externum
916 1370 1147 1436 corpus
1191 1353 1477 1436 percipit,
1522 1370 1641 1416 nec
1685 1352 1750 1415 A
1794 1352 1920 1416 alio
1967 1350 2155 1415 modo
2203 1353 2410 1435 potest
2456 1351 2723 1435 concipi.
2773 1348 2841 1428 Q.
2886 1348 2963 1439 Ε.
3000 1348 3084 1413 D.

1514 1483 2178 1530 conoLLAnluu.

616 1565 791 1632 Hinc
850 1568 1161 1650 sequitur,
1204 1565 1340 1630 dari
1388 1565 1699 1650 quasdam
1745 1565 1943 1647 ideae,
1987 1566 2126 1630 sive
2171 1565 2484 1648 notiones,
2529 1561 2833 1629 omnibus
2877 1564 3153 1627 homini-

532 1656 653 1722 bus
698 1674 1105 1736 communes3
1151 1654 1318 1719 Nam
1364 1661 1514 1736 (per
1560 1653 1728 1718 Lem.
1776 1654 1862 1735 2.)
1908 1655 2125 1718 omnia
2172 1672 2437 1738 corpora
2480 1653 2548 1717 in
2589 1653 2974 1737 quibusdam
3002 1672 3156 1717 con-

530 1746 817 1829 veniunt,
885 1764 1031 1829 quae
1101 1744 1251 1826 (per
1296 1743 1491 1828 Prop.
1525 1742 1817 1828 proeced.)
1866 1742 1944 1808 ab
1993 1741 2295 1808 omnibus
2342 1743 2577 1809 debent
2622 1742 2973 1826 adaequate,
3016 1744 3157 1807 sive

530 1835 700 1901 clare
746 1839 810 1900 et
857 1834 1155 1900 distincte
1198 1835 1458 1919 percipi.

1293 1967 1990 2036 PROPOSITIO
2081 1967 2404 2033 XXXIX.

617 2085 717 2169 101,
762 2084 928 2171 quod
975 2082 1238 2166 Corpori
1280 2084 1559 2150 humano
1603 2091 1662 2150 et
1707 2083 2087 2170 quibusdam
2131 2082 2493 2168 corporibus
2530 2083 2825 2166 exterma,
2846 2103 2889 2147 a
2925 2082 3158 2168 quibus

535 2174 780 2255 Corpus
822 2174 1166 2240 humanum
1213 2173 1398 2258 affici
1436 2173 1602 2257 solet,
1645 2173 1937 2259 quodque
1973 2173 2044 2238 in
2078 2175 2511 2258 cujuscunque
2530 2173 2753 2239 horum
2769 2177 2956 2252 parte
2979 2191 3156 2260 oeque

530 2285 604 2329 ac
640 2264 708 2329 in
747 2268 868 2329 toto
904 2282 1218 2330 commune
1238 2270 1329 2329 est
1349 2268 1409 2329 et
1425 2263 1772 2346 proprium,
1794 2264 1932 2347 ejus
1952 2263 2141 2327 etiam
2161 2262 2304 2329 idea
2326 2264 2444 2327 orit
2464 2263 2537 2328 in
2559 2262 2779 2328 Mente
2797 2261 3153 2348 adaequata.

1484 2396 2200 2443 DEMONSTRATIQ

619 2476 718 2541 Sit
773 2478 838 2541 A
894 2478 980 2559 id,
1040 2478 1215 2564 quod
1261 2475 1523 2563 Corpori
1567 2479 1852 2542 humano
1900 2483 1964 2542 et
2009 2475 2397 2561 quibusdam
2444 2476 2820 2561 corporibus
2867 2476 3152 2541 externis

533 2585 875 2632 commune
945 2572 1044 2631 est
1101 2572 1163 2632 et
1222 2567 1570 2651 proprium,
1619 2567 1926 2651 quodque
1971 2585 2157 2650 aeque
2200 2567 2270 2630 in
2312 2567 2594 2630 humano
2642 2565 2917 2650 Corpore
2963 2585 3037 2630 ac
3081 2567 3149 2629 in

529 2656 756 2721 iisdem
829 2655 1205 2739 corporibus
1273 2657 1578 2738 externis,
1647 2663 1712 2721 et
1781 2655 1955 2740 quod
2017 2656 2298 2739 denique
2358 2674 2544 2739 aeque
2587 2656 2657 2718 in
2703 2657 3153 2739 cujuscunque

531 2745 813 2829 corporis
879 2747 1131 2810 externi
1196 2750 1373 2829 parte
1435 2764 1510 2808 ac
1568 2746 1638 2809 in
1699 2750 1833 2810 toto
1882 2749 1995 2809 est.
2041 2745 2258 2829 Ipsius
2303 2745 2364 2808 A
2411 2743 2666 2809 dabitur
2710 2747 2778 2809 in
2826 2742 2962 2809 Deo
3008 2744 3153 2808 idea

531 2834 864 2918 adaequata
932 2834 1078 2918 (per
1124 2831 1343 2899 Coroll.
1390 2833 1586 2918 Prop.
1632 2834 1692 2897 7.
1736 2832 1975 2917 hujus),
2038 2838 2167 2897 tam
2233 2838 2552 2917 quatenus
2597 2833 2807 2898 ideam
2853 2832 3152 2917 Corporis

530 2923 816 3005 humani,
867 2943 1059 3007 quam
1107 2929 1428 3007 quatenus
1473 2923 1827 3006 positorum
1875 2941 2214 3006 corporum
2261 2926 2673 2988 externorum
2720 2922 2899 2987 ideas
2944 2921 3152 2987 habet.

530 3011 818 3077 Ponatur
880 3014 1015 3095 jam
1074 3013 1428 3077 humanum
1477 3011 1725 3096 Corpus
1769 3032 1808 3076 a
1854 3030 2116 3096 corpore
2162 3017 2428 3077 externo
2474 3011 2644 3076 affici
2687 3030 2800 3095 per
2844 3012 2931 3093 id,
2977 3012 3153 3095 quod

531 3121 678 3165 cum
724 3120 799 3166 eo
846 3100 1037 3166 habet
1082 3120 1439 3181 commune,
1485 3102 1606 3165 hoc
1651 3105 1750 3165 est
1794 3099 1873 3164 ab
1920 3101 2012 3164 A:
2060 3101 2256 3182 hujus
2301 3101 2653 3165 affectionis
2690 3101 2835 3165 idea
2871 3101 3152 3184 proprie-

528 3194 723 3255 tatem
785 3190 846 3253 A
892 3190 1177 3255 involvet
1222 3197 1370 3271 (per
1413 3189 1606 3274 Prop.
1654 3189 1757 3254 16.
1803 3188 2036 3272 hujus),
2082 3194 2275 3274 atque
2320 3190 2478 3254 adeo
2524 3195 2674 3271 (per
2716 3188 2881 3254 idem
2930 3188 3154 3254 Coroll.

526 3278 721 3363 Prop.
766 3278 824 3342 7.
867 3277 1088 3364 hujus)
1132 3279 1276 3345 idea
1321 3280 1517 3362 huJus
1565 3279 1933 3361 affectionis,
1977 3283 2296 3364 quatenus
2342 3281 2788 3364 proprietatem
2838 3279 2899 3342 A
2943 3280 3150 3342 invol-

528 3369 637 3450 vit,
702 3370 822 3433 erit
888 3370 959 3432 in
1027 3366 1163 3433 Deo
1233 3369 1583 3452 adaequata,
1651 3372 1973 3452 quatenus
2035 3367 2178 3432 idea
2224 3368 2521 3452 Corporis
2566 3369 2839 3432 humani
2882 3367 3150 3433 affectus

525 3463 656 3537 est3
704 3457 824 3521 hoc
869 3462 965 3522 est
1012 3458 1158 3541 (per
1203 3457 1397 3538 Prop.
1447 3457 1548 3521 13.
1595 3455 1816 3540 hujus)
1863 3461 2181 3540 quatenus
2226 3456 2461 3522 Mentis
2506 3458 2805 3521 humanae
2851 3463 3147 3521 naturam

525 3547 890 3627 constituit3
961 3546 1248 3630 adeoque
1309 3553 1457 3630 (per
1505 3544 1725 3612 Coroll.
1769 3545 1968 3629 Prop.
2013 3545 2116 3610 11.
2162 3546 2384 3630 hujus)
2443 3547 2579 3611 haec
2623 3547 2768 3611 idea
2814 3551 2910 3611 est
2956 3548 3148 3611 etiam

523 3637 592 3698 in
639 3634 856 3700 Mente
901 3636 1183 3700 humana
1227 3635 1574 3720 adaequata.
1625 3633 1693 3713 Q.
1739 3635 1816 3699 E.
1862 3633 1944 3699 D.

1507 3766 2170 3813 cOROLLARIUm

609 3848 782 3914 Hinc
848 3850 1160 3934 sequitur,
1223 3849 1396 3934 quod
1455 3848 1641 3914 Mens
1687 3868 1761 3914 eo
1809 3850 2014 3934 aptior
2059 3854 2156 3914 est
2200 3850 2282 3914 ad
2332 3849 2519 3934 plura
2564 3849 2895 3934 adaequate
2941 3849 3146 3932 perci-

522 3939 848 4022 piendum,
893 3958 1022 4023 quo
1069 3941 1208 4022 ejus
1256 3938 1504 4023 Corpus
1549 3938 1736 4023 plura
1780 3938 1973 4004 habet
2010 3958 2161 4003 cum
2200 3939 2343 4003 aliis
2367 3937 2738 4023 corporibus
2762 3940 3145 4002 communia.

1379 4062 2079 4140 PROPOSITIO
2169 4073 2307 4139 XL.

613 4188 1018 4276 Quaecunque
1083 4189 1240 4255 ἰάσω
1304 4189 1372 4253 in
1438 4187 1656 4254 Mente
1719 4194 2079 4277 sequuntur
2146 4209 2222 4253 ex
2287 4187 2460 4272 ideis,
2503 4207 2647 4270 quoe
2689 4188 2763 4253 in
2806 4189 2947 4268 ipsa
2990 4191 3147 4252 sunt

519 4277 887 4363 adoequatae,
932 4285 1086 4344 sunt
1128 4278 1310 4343 etiam
1355 4278 1720 4363 adaequatae.

1486 4398 2181 4444 nuncusrnnmo

604 4474 792 4552 patet.
860 4467 1026 4533 Nam
1090 4487 1237 4533 cum
1302 4468 1593 4552 dicimus,
1638 4470 1706 4532 in
1751 4469 1968 4534 Mente
2012 4469 2296 4533 humana
2341 4468 2553 4533 ideam
2601 4468 2787 4551 sequi
2833 4485 2918 4531 ex
2962 4466 3143 4547 ideis,

517 4578 661 4641 quae
705 4559 774 4621 in
819 4559 960 4642 ipsa
1006 4563 1160 4623 sunt
1204 4557 1570 4641 adaequatae,
1614 4558 1776 4622 nihil
1824 4557 2000 4622 aliud
2048 4558 2323 4622 dicimus
2370 4560 2516 4640 (per
2558 4555 2776 4623 Coroll.
2816 4555 3011 4639 Prop.
3038 4554 3144 4619 11.

515 4645 752 4729 hujus),
820 4667 1014 4730 quam
1082 4648 1257 4730 quod
1315 4649 1384 4710 in
1444 4648 1584 4731 ipso
1629 4644 1867 4712 Divino
1913 4647 2241 4711 intellectu
2290 4647 2476 4711 detur
2520 4647 2681 4729 idea,
2727 4647 2918 4728 cujus
2962 4642 3143 4710 Deus

514 4743 614 4800 est
657 4755 869 4818 causa,
912 4755 1044 4800 non
1093 4741 1410 4820 quatenus
1456 4735 1751 4801 infinitus
1797 4739 1911 4818 est,
1955 4754 2074 4800 nec
2112 4740 2434 4820 quatenus
2472 4736 2897 4820 plurimarum
2921 4752 3140 4799 rerum

514 4826 939 4910 singularium
1004 4825 1170 4890 ideis
1237 4824 1502 4890 affectus
1564 4830 1679 4908 est,
1725 4825 1839 4891 sed
1886 4829 2205 4908 quatenus
2250 4829 2503 4889 tantum
2552 4825 2855 4889 humanae
2900 4822 3140 4888 Mentis

515 4915 857 4980 essentiam
906 4915 1253 4980 constituit.
