3609 5642
540 512 626 576 46
1592 531 1842 578 mom
1885 531 2040 578 rm
2084 533 2147 577 11.

539 696 750 764 Deum
796 698 1017 764 eodem
1065 698 1253 763 modo
1298 697 1682 781 referuntur,
1726 719 1802 764 ac
1846 702 2006 784 ipsae
2052 699 2463 764 affectionum
2500 698 2698 778 ideae3
2740 696 2916 781 quod
2938 694 3166 761 eodem

542 787 729 852 modo
777 788 1251 851 demonstratur
1295 806 1370 851 ac
1415 786 1775 872 Propositio
1824 789 1909 852 20
1956 790 2064 872 huj
2074 808 2167 853 us.
2214 790 2302 852 At
2345 788 2509 853 ideae
2555 787 2964 851 affectionum
3012 783 3168 848 Cor-

540 878 714 961 poris
759 878 827 940 in
872 875 1087 941 Mente
1131 877 1412 940 humana
1455 883 1611 941 sunt
1648 879 1796 961 (per
1833 876 2030 962 Prop.
2071 877 2173 941 12.
2214 876 2445 962 hujus),
2482 878 2602 941 hoc
2639 880 2738 941 est
2774 879 2923 959 (per
2948 871 3173 938 Coroll.

541 963 738 1050 Prop.
785 964 888 1029 11.
932 963 1145 1049 hujus)
1206 967 1274 1028 in
1334 963 1488 1046 Deo,
1551 973 1871 1049 quatenus
1915 968 2217 1032 humanae
2263 966 2499 1031 Mentis
2546 966 2889 1030 essentiam
2934 963 3167 1028 consti-

540 1057 697 1134 tuit3
768 1066 917 1138 ergo
986 1054 1210 1118 harum
1277 1054 1567 1119 idearum
1635 1056 1797 1120 ideae
1865 1057 1932 1118 in
2002 1054 2139 1121 Deo
2208 1061 2417 1138 erunt,
2485 1060 2806 1139 quatenus
2866 1053 3169 1117 humanae

544 1141 778 1209 Mentis
844 1145 1271 1227 cognitionem
1340 1143 1475 1213 sive
1542 1143 1750 1209 ideam
1816 1144 2024 1228 habet,
2070 1146 2190 1209 hoc
2237 1149 2333 1210 est
2379 1148 2527 1229 (per
2571 1142 2762 1227 Prop.
2809 1141 2913 1206 21.
2959 1139 3173 1223 hujus)

541 1234 612 1296 in
669 1235 808 1317 ipsa
866 1231 1081 1297 Mente
1141 1232 1440 1312 humana,
1501 1252 1651 1317 quse
1696 1238 2030 1318 propterea
2073 1253 2205 1298 non
2250 1239 2499 1299 tantum
2551 1232 2847 1317 Corporis
2893 1230 3171 1295 affectio-

544 1340 681 1405 nes,
727 1320 839 1386 sed
884 1339 1105 1386 earum
1150 1322 1341 1387 etiam
1388 1321 1567 1387 ideas
1612 1323 1897 1408 percipit.
1949 1321 2018 1401 Q.
2064 1322 2139 1387 E.
2187 1321 2270 1387 D.

1338 1457 1393 1522 P
1414 1457 1472 1522 R
1497 1456 1551 1522 Ο
1576 1457 1631 1523 P
1653 1456 1706 1523 Ο
1731 1458 1776 1524 S
1798 1459 1835 1523 I
1854 1459 1905 1524 Τ
1926 1459 1959 1523 Ι
1985 1457 2039 1523 Ο
2128 1457 2383 1524 XXIII.

632 1569 825 1636 Mens
891 1590 957 1635 se
1019 1571 1225 1655 ipsam
1291 1589 1423 1637 non
1487 1573 1810 1658 οορηοεσίι,
1867 1573 1992 1638 nisi
2047 1577 2357 1655 quatenus
2420 1570 2716 1656 Corporis
2769 1568 3172 1654 affectionum

545 1658 721 1725 ideas
758 1659 1036 1745 percipit.
2366 1684 2372 1690 ·

1501 1770 2216 1817 onnonsrnAr1o

632 1849 866 1915 Mentis
909 1849 1052 1915 idea
1099 1851 1236 1914 sive
1280 1852 1559 1935 cognitio
1606 1854 1753 1936 (per
1797 1851 1994 1937 Prop.
2039 1851 2143 1916 20.
2186 1851 2402 1936 hujus)
2448 1853 2514 1916 in
2555 1849 2693 1915 Deo
2733 1849 2956 1915 eodem
2981 1848 3171 1913 modo

545 1940 857 2024 sequitur,
920 1944 985 2004 et
1049 1939 1130 2003 ad
1197 1936 1406 2004 Deum
1478 1941 1698 2006 eodem
1758 1942 1948 2006 modo
2010 1941 2300 2023 refertur,
2360 1961 2434 2006 ac
2498 1938 2797 2024 Corporis
2844 1937 2988 2002 idea
3034 1938 3174 2002 sive

547 2030 842 2114 cognitio.
903 2029 992 2093 At
1039 2030 1341 2111 quoniam
1390 2030 1540 2113 (per
1583 2029 1774 2116 Prop.
1823 2030 1925 2095 19.
1971 2029 2184 2117 hujus)
2232 2030 2417 2096 Mens
2462 2030 2747 2094 humana
2791 2029 3005 2111 ipsum
3053 2027 3174 2090 hu-

545 2137 809 2182 manum
869 2115 1116 2201 Corpus
1177 2137 1304 2181 non
1368 2122 1729 2203 cognoscit;
1791 2120 1912 2185 hoc
1957 2127 2055 2185 est
2098 2123 2246 2200 (per
2293 2118 2510 2185 Coroll.
2556 2117 2746 2198 Prop.
2794 2116 2896 2180 11.
2943 2114 3178 2199 hujus),

549 2209 853 2291 quoniam
921 2207 1199 2290 cognitio
1260 2206 1559 2292 Corporis
1621 2210 1890 2274 humani
1949 2210 2031 2273 ad
2076 2207 2287 2274 Deum
2335 2229 2468 2274 non
2512 2207 2806 2288 refertur,
2853 2210 3175 2290 quatenus

548 2297 849 2360 humanae
894 2294 1132 2360 Mentis
1176 2303 1471 2361 naturam
1518 2301 1884 2379 constituit;
1927 2316 2078 2384 ergo
2116 2317 2236 2364 nec
2274 2301 2555 2383 cognitio
2595 2296 2833 2362 Mentis
2856 2295 2938 2360 ad
2962 2292 3175 2359 Deum

547 2384 836 2466 refertur,
904 2390 1224 2469 quatenus
1291 2388 1633 2452 essentiam
1701 2386 1938 2453 Mentis
1999 2389 2301 2452 humanae
2363 2389 2729 2466 constituit3
2780 2389 2973 2469 atque
3017 2383 3175 2447 adeo

547 2476 694 2554 (per
735 2474 898 2539 idem
946 2471 1164 2538 Coroll.
1211 2473 1407 2559 Prop.
1455 2475 1557 2539 11.
1604 2475 1821 2560 hujus)
1858 2476 2043 2542 Mens
2081 2478 2362 2541 humana
2400 2482 2666 2541 eatenus
2705 2493 2774 2540 se
2809 2475 3016 2559 ipsam
3041 2490 3177 2536 non

548 2564 889 2647 cognoscit.
959 2560 1209 2628 Deinde
1268 2564 1695 2648 affectionum,
1757 2566 1999 2650 quibus
2045 2564 2292 2650 Corpus
2338 2565 2632 2647 afficitur,
2670 2564 2835 2628 ideae
2878 2566 3174 2627 naturam

547 2653 754 2735 ipsius
818 2650 1114 2736 Corporis
1161 2654 1426 2717 humani
1470 2657 1817 2719 involvunt
1862 2659 2005 2736 (per
2051 2654 2248 2739 Prop.
2295 2653 2399 2718 16.
2445 2653 2677 2737 hujus),
2722 2654 2842 2717 hoc
2888 2655 2985 2717 est
3030 2652 3178 2734 (per

547 2739 740 2821 Prop.
790 2741 892 2805 13.
937 2738 1149 2824 hujus)
1196 2761 1344 2806 cum
1390 2747 1619 2809 natura
1664 2743 1900 2810 Mentis
1939 2747 2367 2825 conveniunt3
2411 2762 2609 2828 quare
2633 2744 2860 2806 harum
2884 2741 3175 2805 idearum

548 2831 827 2916 cognitio
873 2831 1298 2914 cognitionem
1347 2830 1582 2899 Mentis
1627 2835 1988 2899 necessario
2034 2834 2351 2898 involvet:
2402 2839 2467 2898 at
2507 2838 2654 2917 (per
2678 2830 2874 2915 Prop.
2885 2828 3179 2913 praeced.)

547 2919 774 2984 harum
818 2919 1106 2984 idearum
1155 2921 1433 3004 cognitio
1476 2924 1547 2986 in
1585 2924 1726 3007 ipsa
1763 2924 2049 2988 humana
2085 2921 2300 2988 Mente
2336 2927 2467 3003 est3
2506 2941 2658 3006 ergo
2682 2919 2866 2985 Mens
2890 2920 3177 2983 humana

549 3014 814 3074 eatenus
858 3012 1106 3073 tantum
1155 3026 1225 3074 se
1269 3011 1475 3094 ipsam
1522 3014 1716 3077 novit.
1768 3010 1838 3090 Q.
1884 3011 1965 3076 E.
2012 3010 2096 3075 D.

1351 3146 2049 3214 PROPOSITIO
2140 3147 2388 3213 XXIV.

637 3257 832 3324 Mens
895 3258 1176 3324 humana
1230 3261 1514 3341 partium
1566 3259 1804 3343 Corpus
1847 3260 2194 3326 humanum
2239 3261 2731 3345 componentium
2775 3259 3178 3343 adoequatam

550 3349 954 3432 coynitionem
997 3369 1128 3414 non
1172 3349 1440 3416 involvit.
2001 3384 2009 3392 ·

1512 3482 2226 3528 nnuonsrnAr1o

639 3560 863 3627 Partes
909 3561 1156 3648 Corpus
1202 3564 1560 3628 humanum
1607 3571 2061 3649 componentes
2108 3565 2188 3629 ad
2235 3566 2578 3631 essentiam
2625 3564 2832 3647 ipsius
2880 3560 3180 3645 Corporis

551 3669 682 3714 non
728 3653 1064 3735 pertinent,
1108 3652 1236 3716 nisi
1281 3657 1602 3736 quatenus
1647 3659 1863 3718 motus
1903 3673 2056 3719 suos
2093 3659 2265 3718 certa
2304 3654 2580 3738 quadam
2618 3654 2864 3717 ratione
2900 3651 3178 3714 invicem

553 3741 1028 3805 communicant
1073 3740 1242 3821 (vide
1285 3739 1500 3824 Defin.
1540 3747 1681 3823 post
1726 3741 1946 3807 Coroll.
1991 3741 2289 3807 Lemmat.
2337 3743 2439 3826 3.),
2477 3747 2541 3808 et
2578 3760 2707 3806 non
2748 3744 3068 3825 quatenus
3105 3742 3181 3802 ut

553 3827 917 3911 Individua,
976 3829 1220 3917 absque
1266 3830 1571 3896 relatione
1616 3832 1695 3897 ad
1739 3833 2096 3896 humanum
2146 3829 2410 3916 Corpus,
2455 3831 2845 3895 considerari
2889 3832 3180 3914 possunt.

552 3917 720 3983 Sunt
765 3920 935 3983 enim
984 3923 1195 4002 partes
1242 3919 1510 3985 humani
1557 3919 1854 4005 Corporis
1900 3922 2047 4001 (per
2091 3919 2266 3986 Post.
2315 3921 2396 4000 1.)
2443 3919 2629 3985 valde
2673 3919 3025 4003 composita
3070 3916 3181 3979 In-

555 4007 838 4088 dividua,
882 4027 1159 4090 quorum
1205 4013 1416 4093 partes
1460 4010 1607 4093 (per
1650 4009 1821 4075 Lem.
1868 4010 1951 4088 4.)
1996 4029 2034 4074 a
2081 4009 2358 4094 Corpore
2403 4011 2707 4090 humano,
2751 4012 3000 4073 servata
3043 4024 3181 4069 om-

553 4097 711 4159 nino
757 4096 1041 4179 ejusdem
1087 4102 1317 4162 natura
1362 4103 1425 4163 et
1469 4097 1691 4180 forma,
1735 4100 2057 4184 segregari
2101 4103 2391 4183 possunt,
2433 4104 2775 4182 motusque
2821 4115 2976 4161 suos
3022 4092 3184 4173 (vide

553 4182 800 4249 Amiom.
848 4185 888 4249 1
919 4186 964 4264 ¹)
1013 4190 1160 4269 post
1203 4185 1370 4250 Lem.
1438 4187 1518 4269 3.)
1586 4188 1729 4252 aliis
1789 4186 2165 4272 corporibus
2210 4188 2334 4252 alia
2379 4189 2625 4252 ratione
2671 4185 3178 4264 communicare3

557 4272 845 4357 adeoque
891 4276 1037 4358 (per
1077 4274 1264 4356 Prop.
1312 4275 1371 4340 3.
1418 4274 1631 4361 huJ’us)
1679 4279 2128 4360 cujuscunque
2171 4278 2371 4361 partis
2416 4277 2560 4341 idea
2605 4279 2743 4342 sive
2788 4276 3064 4361 cognitio
3110 4274 3184 4335 in

555 4359 691 4426 Deo
739 4364 877 4444 erit,
922 4368 985 4427 et
1030 4365 1289 4447 quidem
1336 4368 1483 4449 (per
1525 4364 1719 4447 Prop.
1774 4368 1834 4431 9.
1878 4365 2092 4450 hujus)
2142 4370 2462 4450 quatenus
2509 4365 2774 4431 affectus
2821 4363 3184 4429 considera-

558 4456 664 4515 tur
729 4451 853 4516 alia
910 4451 1053 4517 idea
1096 4455 1189 4518 rei
1234 4454 1596 4539 singularis,
1643 4474 1791 4539 quae
1838 4474 1941 4520 res
1987 4455 2334 4540 singularis
2379 4457 2520 4539 ipsa
2563 4458 2741 4539 parte
2784 4454 3007 4518 ordine
3052 4450 3183 4515 Na-

556 4544 723 4605 turae
785 4542 958 4625 prior
1018 4546 1115 4607 est
1173 4545 1320 4623 (per
1362 4541 1559 4625 Prop.
1607 4543 1666 4609 7.
1712 4543 1945 4629 hujus).
2006 4541 2192 4620 Quod
2250 4544 2421 4609 idem
2484 4550 2792 4629 praeterea
2851 4543 3043 4608 etiam
3102 4540 3185 4605 de

559 4648 950 4715 quacunque
1017 4636 1195 4715 parte
1252 4634 1461 4716 ipsius
1521 4632 1853 4698 Individui
1900 4633 2148 4719 Corpus
2193 4634 2551 4699 humanum
2597 4633 3040 4716 componentis
3086 4633 3188 4695 est

624 4896 683 4965 1)
717 4898 810 4950 Ed.
844 4899 958 4950 Pr.:
994 4897 1212 4953 Aoeiom.
1241 4900 1293 4952 2.
