3609 5642
1375 491 1455 535 nn
1500 490 1833 536 snnvmu'rn
1874 490 2151 533 HnMANA.
2947 468 3069 530 151

446 657 741 721 Avaritia
781 657 1356 721 remunerationem
1395 660 1640 740 timere,
1677 662 1870 740 atque
1906 657 1997 720 ita
2037 657 2189 720 dum
2232 675 2452 721 eorum
2496 654 2731 719 Odium
2770 653 3078 738 fugimus,

447 766 522 810 eo
569 748 709 830 ipso
756 748 823 809 in
869 766 1092 810 eorum
1139 746 1551 811 offensionem
1598 748 2022 810 incurramus.
2073 744 2285 823 Quare
2326 747 2396 808 in
2443 744 2840 809 declinandis
2887 741 3077 807 bene-

444 835 610 900 ficiis
655 837 816 900 ratio
865 836 1043 901 utilis
1089 840 1152 901 et
1196 837 1450 901 honesti
1499 836 1791 901 habenda
1838 841 1951 899 est.

1254 983 1953 1050 PROPOSITIO
2044 982 2284 1048 LXXI.

537 1107 670 1175 Soli
711 1109 986 1175 homiues
1031 1110 1210 1176 liberi
1252 1131 1406 1196 crya
1450 1132 1515 1175 se
1561 1112 1823 1176 invicem
1864 1109 2213 1192 qratissimi
2255 1112 2425 1174 suut.

1406 1254 2125 1300 DEMONSTRATIO.

536 1336 666 1400 Soli
715 1337 1007 1401 homines
1053 1337 1238 1401 liberi
1288 1337 1412 1402 sibi
1457 1339 1733 1402 invicem
1785 1336 2111 1401 utilissimi
2160 1340 2330 1414 sunt,
2376 1339 2438 1398 et
2476 1333 2755 1397 maxima
2780 1334 3077 1397 amicitiae

445 1425 921 1490 necessitudine
967 1428 1242 1490 invicem
1281 1428 1651 1511 junguntur
1695 1431 1833 1509 (per
1878 1424 2071 1506 Prop.
2121 1424 2224 1487 35.
2248 1423 2537 1505 huju3,et
2560 1422 2616 1485 1.
2641 1423 2780 1504 ejus
2808 1421 3069 1499 Coreli),

447 1517 716 1598 parique
760 1516 996 1579 amoris
1041 1516 1258 1580 studio
1307 1515 1431 1580 sibi
1475 1517 1753 1580 invicem
1802 1514 2174 1579 benefacere
2219 1517 2534 1577 conantur
2580 1515 2714 1596 (per
2751 1510 2945 1594 Prop.
2972 1511 3075 1574 37.

447 1602 701 1686 hujus);
773 1603 1060 1688 adeoque
1125 1611 1261 1688 (per
1327 1604 1434 1667 34.
1495 1604 1713 1684 Affect.
1777 1601 2014 1685 Defiu.)
2076 1603 2198 1667 soli
2245 1603 2536 1666 homines
2582 1600 2767 1665 liberi
2813 1619 2962 1685 erga
3008 1619 3077 1664 se

446 1694 724 1759 invicem
770 1695 1120 1777 gratissimi
1166 1698 1334 1758 sunt.
1385 1691 1453 1772 Q.
1497 1693 1575 1757 Ε.
1622 1691 1706 1758 D.

1529 1825 2005 1870 SCHOLIUM.

537 1904 773 1987 Gratia,
857 1926 1050 1990 quam
1136 1907 1445 1989 homines,
1531 1908 1644 1991 qui
1713 1926 1889 1971 coeca
1959 1904 2319 1990 Cupiditate
2386 1905 2731 1985 ducuntur,
2797 1903 3074 1966 invicem

451 1994 703 2075 habent,
772 2002 1130 2060 mercatura
1196 2014 1313 2060 seu
1374 1998 1720 2080 aucupium
1770 1998 2002 2079 potius,
2047 2015 2241 2080 quam
2286 1994 2491 2079 gratia
2536 1994 2920 2077 plerumque
2963 1998 3076 2056 est.

452 2083 655 2148 Porro
701 2085 1097 2169 ingratitudo
1144 2085 1407 2151 affectus
1455 2105 1585 2149 non
1633 2090 1744 2150 est.
1791 2084 1912 2150 Est
1955 2089 2169 2148 tamen
2216 2083 2608 2167 ingratitudo
2653 2083 2880 2165 turpis,
2924 2082 3076 2164 quia

447 2174 830 2257 plerumque
897 2175 1221 2238 hominem
1293 2175 1491 2238 nimio
1561 2173 1742 2255 odio,
1788 2174 1910 2254 Ira,
1956 2173 2060 2238 vel
2106 2171 2434 2256 Superbia,
2484 2172 2583 2236 vel
2627 2170 2916 2234 Avaritia
2961 2175 3076 2233 etc.

447 2262 746 2327 affectum
819 2281 961 2327 esse
1005 2261 1264 2327 indicat.
1309 2259 1477 2327 Nam
1527 2265 1641 2347 qui
1686 2283 1820 2347 prae
1866 2263 2139 2327 stultitia
2185 2263 2353 2326 dona
2398 2278 2811 2345 compensare
2856 2260 3078 2341 nescit,

454 2353 748 2435 ingratus
811 2372 945 2416 non
1005 2357 1117 2433 est,
1165 2358 1227 2416 et
1273 2354 1478 2417 multo
1527 2355 1743 2417 minus
1789 2352 1915 2434 ille,
1963 2353 2077 2436 qui
2124 2352 2311 2416 donis
2359 2369 2488 2414 non
2537 2354 2832 2413 movetur
2878 2366 3077 2413 mere-

459 2442 660 2523 tricis,
726 2445 800 2505 ut
842 2443 1048 2525 ipsius
1094 2440 1344 2505 libidini
1389 2443 1717 2523 inserviat,
1763 2460 1883 2506 nec
1928 2440 2110 2523 furis,
2160 2445 2233 2505 ut
2277 2441 2486 2525 ipsius
2534 2438 2706 2503 furta
2750 2436 2929 2519 celet,
2973 2437 3076 2502 vel

452 2530 717 2593 alterius
786 2531 1030 2595 similis.
1091 2530 1258 2594 Nam
1305 2532 1410 2595 hic
1455 2538 1677 2596 contra
1722 2532 2011 2594 animum
2060 2528 2292 2594 habere
2336 2533 2733 2593 constantem
2781 2527 3077 2607 ostendit,

451 2621 565 2703 qui
612 2618 852 2684 scilicet
897 2638 967 2685 se
1013 2619 1213 2685 nullis
1260 2621 1446 2685 donis
1493 2620 1573 2684 ad
1621 2639 1806 2685 suam
1857 2620 1958 2682 vel
2006 2637 2409 2683 communem
2451 2618 2797 2703 perniciem
2837 2617 3078 2700 patitur

448 2708 789 2792 corrumpi.

1236 2794 1934 2864 PROPOSITIO
2024 2795 2298 2860 LXXII.

540 2920 748 2987 Homo
792 2922 946 2989 liber
986 2942 1320 3009 uunquam
1365 2921 1502 2987 dolo
1546 2921 1728 3006 malo,
1770 2922 1880 2987 sed
1920 2941 2162 3006 semper
2202 2941 2344 2985 cum
2383 2919 2509 3001 fide
2550 2921 2700 3005 aqit.

1399 3054 2119 3099 DEMONSTRATIO.

539 3136 607 3201 Si
673 3137 837 3201 liber
906 3138 1094 3201 homo
1164 3139 1512 3221 quicquam
1565 3138 1711 3200 dolo
1760 3136 1948 3218 ma10,
1997 3140 2316 3221 quatenus
2364 3132 2527 3198 liber
2570 3139 2685 3217 est,
2731 3137 2962 3215 ageret,
3006 3133 3074 3195 id

451 3246 536 3290 ex
582 3227 925 3290 dictamine
969 3225 1262 3291 Rationis
1309 3233 1525 3310 ageret
1570 3231 1742 3305 (nam
1796 3232 2063 3291 eatenus
2108 3229 2361 3289 tantum
2409 3222 2571 3286 liber
2616 3241 2651 3285 a
2698 3221 2883 3285 nobis
2907 3221 3074 3305 apel-

446 3315 676 3393 latur):
727 3321 919 3400 atque
966 3316 1123 3379 adeo
1168 3315 1312 3380 dolo
1363 3316 1529 3379 malo
1577 3334 1763 3398 agere
1814 3318 2019 3380 virtus
2067 3319 2234 3379 esset
2280 3319 2419 3397 (per
2463 3309 2659 3394 Ρνορ.
2706 3310 2809 3373 24.
2848 3309 3077 3392 hujus),

449 3411 513 3470 et
581 3409 1046 3489 consequenter
1107 3407 1241 3489 (per
1296 3405 1556 3470 eandem
1600 3403 1823 3487 Prop.)
1871 3406 2226 3488 unicuique
2269 3402 2349 3466 ad
2395 3420 2588 3467 suum
2637 3418 2777 3465 esse
2821 3417 3074 3463 conser-

448 3494 734 3558 vandum
784 3495 1145 3560 consultius
1191 3501 1377 3577 esset,
1424 3493 1569 3557 dolo
1619 3494 1785 3558 malo
1834 3514 2058 3578 agere3
2105 3494 2226 3557 hoc
2271 3496 2370 3557 est
2416 3494 2507 3572 (ut
2547 3509 2663 3574 per
2707 3508 2772 3552 se
2815 3490 3077 3571 uotum),

448 3582 817 3647 hominibus
887 3584 1246 3648 consultius
1315 3588 1501 3665 esset,
1571 3582 1783 3649 verbis
1852 3582 2257 3648 solummodo
2325 3581 2685 3659 convenire,
2745 3596 2816 3641 re
2861 3582 3074 3642 autem

444 3674 722 3737 invicem
771 3691 912 3737 esse
958 3675 1333 3755 contrarios,
1380 3672 1554 3756 quod
1603 3672 1739 3754 (per
1788 3670 2006 3737 Ooroll.
2054 3670 2249 3754 Prop.
2296 3669 2399 3733 31.
2449 3668 2660 3751 hujus)
2708 3671 2804 3731 est
2850 3666 3074 3731 absur-

450 3762 623 3825 dum.
668 3761 840 3846 Ergo
886 3762 1076 3826 homo
1123 3761 1283 3826 liber
1329 3766 1444 3825 etc.
1496 3758 1563 3839 Q.
1610 3759 1686 3825 Ε.
1733 3759 1817 3824 D.

1530 3905 2004 3951 SOHOLIUM.

543 3987 610 4052 Si
673 3990 804 4071 jam
853 3993 1192 4073 quaeratur,
1241 3989 1400 4073 quid
1445 3990 1504 4052 si
1548 3989 1738 4052 homo
1786 4007 1856 4053 se
1900 3986 2166 4072 perfidia
2210 4007 2248 4051 a
2294 3985 2597 4071 praesenti
2644 3984 2865 4047 mortis
2913 3983 3073 4067 peri-

451 4078 600 4141 culo
668 4086 883 4162 posset
950 4078 1237 4158 liberare,
1307 4098 1390 4141 an
1459 4091 1590 4141 non
1661 4078 1822 4141 ratio
1892 4097 2085 4142 suum
2158 4094 2298 4141 esse
2345 4072 2771 4140 conservandi
2815 4074 3077 4136 omnino

452 4167 699 4249 suadet,
745 4173 819 4231 ut
867 4166 1148 4252 perfidus
1196 4167 1328 4232 sit?
1374 4165 1891 4250 Respondebitur
1937 4167 2157 4231 eodem
2207 4165 2415 4247 modo,
2459 4163 2632 4247 quod
2677 4164 2732 4226 si
2775 4160 2962 4225 Ratio
3009 4160 3075 4225 id

451 4256 734 4338 suadeat,
780 4256 1006 4321 suadet
1045 4276 1195 4341 ergo
1239 4256 1306 4320 id
1354 4256 1656 4320 omnibus
1702 4254 2092 4337 hominibus,
2139 4258 2335 4338 atque
2380 4253 2537 4317 adeo
2579 4250 2765 4315 Ratio
2814 4251 3076 4315 omnino

452 4345 680 4410 suadet
740 4345 1127 4428 hominibus,
1196 4365 1279 4412 ne
1347 4346 1474 4411 nisi
1543 4345 1687 4409 dolo
1758 4344 1923 4408 malo
1985 4346 2410 4427 paciscantur,
2470 4343 2639 4406 vires
2687 4342 3077 4425 conjungere

452 4440 515 4499 et
569 4436 716 4517 jura
761 4434 993 4499 habere
1040 4436 1426 4518 communia,
1470 4435 1591 4498 hoc
1636 4438 1750 4516 est,
1795 4453 1878 4498 ne
1922 4452 2144 4498 revera
2183 4434 2330 4515 jura
2374 4430 2649 4496 habeant
2695 4430 3079 4512 communia,

457 4524 634 4608 quod
678 4529 775 4588 est
820 4524 1192 4589 absurdum.

1235 4609 1926 4676 PROPOSITIO
2019 4607 2324 4673 LXXIII.

552 4738 773 4823 Home,
819 4741 929 4826 qui
967 4739 1236 4805 Ratione
1274 4738 1548 4821 ducitur,
1586 4738 1784 4820 mayis
1823 4736 1889 4800 in
1935 4733 2212 4817 Civitate,
2249 4732 2357 4799 ubi
2393 4754 2466 4797 ex
2502 4731 2808 4798 communi
2844 4732 3080 4797 decreto

460 4830 631 4914 vivit,
675 4850 866 4917 quam
909 4831 981 4895 iu
1024 4829 1370 4909 solitudine,
1412 4826 1519 4892 ubi
1559 4826 1677 4892 sibi
1718 4826 1835 4891 soli
1880 4825 2283 4909 obtemperat„
2315 4821 2468 4888 liber
2511 4828 2616 4887 est.
