3609 5642
1681 525 1762 570 nn
1805 524 1939 570 nno.
3027 506 3112 568 25

495 709 596 756 res
661 691 918 756 tandem
992 691 1232 757 evasit!
1302 691 1480 757 Inter
1544 695 1638 757 tot
1693 691 1756 756 N
1757 696 1961 757 aturae
2023 691 2354 757 commoda
2413 710 2544 755 non
2589 710 2793 777 pauca
2835 693 3113 776 reperire

496 779 856 846 debuerunt
920 780 1342 866 incommoda,
1403 785 1809 867 tempestates
1855 781 2114 864 scilicet,
2160 786 2345 846 terrae
2391 784 2623 863 motus,
2669 781 2924 846 morbos
2972 787 3113 864 etc.,

494 875 685 954 atque
753 871 889 934 haec
948 875 1314 936 statuerunt
1373 876 1706 956 propterea
1749 872 2024 953 evenire,
2071 870 2243 954 quod
2288 869 2397 935 Dii
2438 871 2586 935 irati
2631 876 2844 935 essent
2889 870 2970 935 ob
3013 873 3111 935 in-

486 960 692 1042 jurias
740 958 864 1024 sibi
908 959 989 1024 ab
1032 959 1403 1025 hominibus
1445 960 1666 1044 factaS,
1711 962 1850 1026 sive
1889 959 1970 1025 ob
2008 965 2263 1044 peccata
2299 961 2367 1023 in
2392 978 2510 1024 suo
2535 960 2718 1024 cultu
2740 962 3115 1042 commissa;

493 1053 556 1113 et
623 1049 919 1134 quamvis
989 1050 1383 1134 experientia
1426 1050 1636 1116 indies
1680 1050 2069 1127 reclamaret,
2115 1068 2189 1114 ac
2232 1048 2501 1114 infinitis
2547 1050 2857 1133 exemplis
2903 1054 3113 1114 osten-

493 1136 686 1220 deret,
752 1138 1081 1203 commoda
1147 1143 1344 1223 atque
1410 1139 1815 1204 incommoda
1880 1141 2003 1222 piis
2073 1157 2259 1223 aeque
2327 1157 2402 1203 ac
2468 1139 2685 1223 impiis
2752 1139 3113 1223 promiscue

491 1228 765 1310 evenire,
836 1246 968 1291 non
1035 1228 1179 1292 ideo
1241 1227 1321 1293 ab
1367 1229 1716 1294 inveterato
1763 1228 2136 1313 praeJudicio
2182 1227 2593 1293 destiterunt:
2641 1226 2894 1293 facilius
2941 1230 3109 1293 enim

488 1316 571 1381 iis
610 1316 757 1397 fuit,
803 1317 926 1380 hoc
968 1318 1136 1382 inter
1182 1317 1308 1382 alia
1350 1319 1696 1402 incognita,
1742 1337 2018 1402 quorum
2064 1337 2257 1382 usum
2303 1316 2703 1401 ignorabant,
2748 1336 3005 1402 ponere,
3050 1322 3114 1382 et

491 1407 586 1470 sic
650 1411 1028 1490 praesentem
1095 1426 1288 1472 suum
1359 1412 1422 1471 et
1486 1411 1780 1472 innatum
1852 1411 2087 1473 statum
2156 1407 2535 1490 ignorantiae
2578 1407 2870 1486 retinere,
2919 1427 3112 1491 quam

493 1499 690 1559 totam
748 1495 923 1560 illam
983 1494 1292 1560 fabricam
1355 1497 1684 1562 destruere
1728 1501 1792 1561 et
1836 1516 2070 1561 novam
2118 1497 2499 1580 excogitare.
2545 1494 2736 1560 Unde
2781 1515 2895 1579 pro
2941 1501 3112 1560 certo

489 1589 870 1667 statuerunt,
938 1583 1220 1650 Deorum
1284 1585 1528 1668 judicia
1592 1586 1951 1650 humanum
2020 1590 2275 1670 captum
2342 1584 2715 1669 longissime
2774 1602 3109 1669 superare:

488 1692 636 1758 quae
682 1692 837 1739 sane
886 1675 1076 1738 unica
1119 1673 1348 1739 fuisset
1391 1693 1603 1758 causa,
1650 1680 1721 1740 ut
1766 1677 2005 1739 veritas
2050 1675 2403 1739 humanum
2450 1692 2659 1758 genus
2702 1674 2772 1737 in
2798 1678 3111 1738 aeternum

483 1763 742 1843 lateret;
789 1763 918 1828 nisi
963 1762 1291 1846 Mathesis,
1338 1783 1484 1848 quae
1529 1783 1658 1828 non
1702 1765 1871 1828 circa
1912 1763 2077 1829 fines
2121 1763 2237 1829 sed
2276 1767 2527 1828 tantum
2568 1765 2735 1828 circa
2754 1762 3111 1848 figurarum

485 1853 795 1917 essentias
864 1856 928 1917 et
994 1854 1413 1937 proprietates
1481 1857 1790 1938 versatur,
1836 1853 2023 1918 aliam
2071 1853 2358 1919 veritatis
2402 1872 2694 1918 normam
2740 1851 3112 1917 hominibus

484 1941 903 2022 ostendisset3
974 1945 1038 2006 et
1104 1946 1334 2025 praeter
1400 1941 1715 2007 Mathesin
1788 1943 1932 2007 aliae
1976 1944 2165 2007 etiam
2213 1941 2537 2026 adsignari
2582 1947 2855 2025 possunt
2899 1961 3112 2007 causae

484 2032 669 2115 (quas
739 2030 844 2094 hic
915 2049 1290 2096 enumerare
1358 2050 1904 2116 supervacaneum
1975 2036 2111 2114 est),
2176 2051 2214 2096 a
2282 2031 2522 2116 quibus
2579 2031 2721 2097 fieri
2764 2033 2993 2115 potuit,
3039 2036 3114 2095 ut

485 2121 781 2184 homines
828 2121 1195 2184 communia
1241 2121 1379 2184 haec
1418 2121 1788 2206 praejudicia
1828 2121 2425 2204 animadverterent,
2462 2126 2525 2186 et
2560 2122 2629 2184 in
2654 2139 2869 2186 veram
2894 2140 3110 2186 rerum

484 2210 915 2294 cognitionem
964 2209 1373 2274 ducerentur.

571 2296 695 2364 His
746 2299 902 2363 satis
948 2298 1236 2383 explicui
1277 2298 1363 2381 id,
1410 2299 1584 2382 quod
1628 2299 1833 2382 primo
1880 2299 2017 2363 loco
2064 2299 2343 2383 promisi.
2383 2298 2474 2364 Ut
2503 2300 2637 2382 jam
2662 2303 2874 2363 autem
2901 2304 3115 2364 osten-

490 2386 656 2470 dam,
722 2385 1034 2452 Naturam
1097 2387 1292 2452 finem
1353 2387 1608 2452 nullum
1656 2387 1781 2452 sibi
1826 2386 2163 2472 praefixum
2209 2386 2460 2471 habere,
2507 2393 2571 2454 et
2616 2407 2839 2453 omnes
2885 2408 3114 2453 causas

485 2476 709 2541 finales
778 2477 942 2540 nihil
1010 2478 1137 2542 nisi
1196 2478 1479 2542 humana
1540 2495 1681 2542 esse
1723 2476 2047 2563 figmenta,
2091 2497 2221 2541 non
2269 2496 2433 2561 opus
2480 2482 2578 2542 est
2622 2477 2861 2542 multis.
2910 2476 3113 2543 Credo

484 2566 656 2630 enim
725 2565 793 2630 id
851 2567 984 2649 jam
1048 2568 1203 2632 satis
1249 2571 1557 2648 constare,
1600 2570 1732 2631 tam
1777 2585 1862 2632 ex
1906 2565 2340 2631 fundamentis
2385 2569 2450 2631 et
2496 2571 2728 2649 causiS,
2774 2566 2947 2631 unde
2990 2567 3114 2632 hoc

480 2654 927 2739 praejudicium
974 2657 1290 2741 originem
1339 2674 1522 2720 suam
1569 2657 1848 2721 traxisse
1893 2654 2163 2737 ostendi,
2208 2675 2402 2739 quam
2445 2674 2529 2721 ex
2552 2655 2987 2740 Propositione
3008 2657 3112 2720 16.

477 2748 535 2808 et
608 2741 974 2809 Corollariis
1010 2741 1056 2822 1)
1119 2743 1576 2828 Propositionis
1619 2744 1743 2827 32,
1789 2749 1854 2810 et
1897 2749 2203 2829 praeterea
2248 2763 2331 2810 ex
2375 2746 2458 2811 iis
2505 2744 2824 2828 omnibus,
2871 2745 3113 2830 quibus

482 2832 751 2915 ostendi,
820 2834 1035 2898 omnia
1095 2840 1345 2899 naturae
1394 2835 1632 2898 aeterna
1677 2833 1951 2918 quadam
2001 2833 2398 2917 necessitate,
2442 2853 2829 2919 summaque
2873 2835 3113 2919 perfec-

482 2923 657 2987 tione
716 2921 1073 3006 procedere.
1137 2922 1281 2988 Hoc
1339 2928 1557 2988 tamen
1604 2923 1817 2987 adhuc
1862 2922 2113 3005 addam,
2161 2940 2405 3008 nempe,
2450 2924 2618 2989 hanc
2664 2923 2744 2990 de
2786 2922 2917 2989 fine
2965 2924 3113 2989 doc-

482 3012 714 3076 trinam
774 3009 1090 3077 Naturam
1152 3013 1413 3077 omnino
1461 3017 1759 3078 evertere.
1804 3011 1972 3077 Nam
2018 3012 2104 3095 id,
2150 3012 2323 3096 quod
2368 3030 2594 3079 revera
2638 3033 2833 3078 causa
2880 3019 2995 3096 est,
3042 3018 3116 3078 ut

486 3099 781 3165 effectum
840 3100 1218 3184 considerat,
1263 3107 1326 3167 et
1373 3106 1611 3167 contra.
1658 3099 1909 3167 Deinde
1954 3101 2040 3184 id,
2085 3101 2256 3185 quod
2303 3106 2537 3167 natura
2579 3103 2763 3186 prius
2802 3105 2918 3185 est,
2961 3102 3116 3168 facit

484 3191 824 3274 posterius.
870 3189 956 3255 Et
1002 3191 1279 3275 denique
1322 3190 1410 3272 id,
1455 3190 1628 3274 quod
1674 3210 2052 3275 supremum
2090 3195 2152 3256 et
2188 3190 2722 3275 perfectissimum
2763 3195 2878 3274 est,
2900 3191 3114 3256 reddit

483 3278 1127 3363 imperfectissimum.
1196 3279 1362 3345 Nam
1427 3279 1706 3359 (duobus
1751 3279 2072 3366 prioribus
2120 3281 2395 3362 omissis,
2441 3282 2594 3365 quia
2638 3299 2751 3365 per
2796 3299 2865 3346 se
2912 3282 3115 3345 mani-

483 3366 647 3433 festa
706 3370 898 3451 sunt),
959 3373 1034 3433 ut
1095 3387 1179 3433 ex
1239 3368 1785 3454 Propositionibus
1831 3369 1934 3447 21,
1980 3369 2083 3445 22,
2129 3373 2190 3433 et
2231 3369 2334 3433 23.
2379 3373 2647 3453 constat,
2693 3370 2803 3434 ille
2848 3369 3112 3435 effectus

487 3456 987 3541 perfectissimus
1056 3465 1173 3541 est,
1241 3461 1355 3542 qui
1421 3479 1459 3522 a
1525 3457 1660 3524 Deo
1727 3458 2093 3523 immediate
2146 3458 2538 3543 producitur,
2581 3464 2645 3525 et
2692 3478 2820 3543 quo
2869 3459 3114 3544 aliquid

485 3545 781 3630 pluribus
825 3548 1039 3612 causis
1084 3547 1485 3613 intermediis
1528 3548 1792 3632 indiget,
1839 3552 1913 3613 ut
1957 3546 2367 3631 producatur,
2412 3567 2488 3615 eo
2527 3548 2961 3632 imperfectius
2998 3552 3112 3614 est.

484 3635 576 3700 At
641 3636 697 3700 si
766 3654 887 3718 res,
956 3655 1102 3720 quae
1169 3637 1536 3702 immediate
1582 3657 1618 3700 a
1661 3636 1797 3703 Deo
1845 3636 2172 3722 productae
2219 3641 2391 3720 sunt,
2439 3656 2515 3703 ea
2561 3637 2638 3703 de
2683 3656 2878 3703 causa
2922 3636 3108 3702 factae

486 3729 719 3807 essent,
787 3730 860 3790 ut
926 3724 1105 3791 Deus
1172 3725 1366 3791 finem
1434 3731 1888 3811 assequeretur
1957 3733 2169 3808 suum,
2234 3731 2375 3791 tum
2445 3727 2804 3792 necessario
2851 3726 3113 3804 ultimae,

489 3833 763 3897 quarum
827 3813 907 3879 de
968 3834 1163 3880 causa
1222 3816 1465 3900 priores
1509 3816 1692 3880 factae
1739 3818 1909 3897 sunt,
1956 3817 2247 3880 omnium
2293 3818 2840 3899 praestantissimae
2883 3821 3111 3881 essent.

487 3901 735 3969 Deinde
805 3904 939 3968 baec
1007 3904 1293 3970 doctrina
1352 3902 1473 3969 Dei
1532 3905 1986 3990 perfectionem
2049 3905 2250 3969 tollit:
2299 3904 2487 3988 Nam,
2533 3906 2589 3969 si
2632 3903 2812 3970 Deus
2858 3909 3115 3988 propter

486 3991 680 4057 finem
732 3994 881 4077 agit,
926 3993 1171 4078 aliquid
1218 3997 1578 4059 necessario
1625 3997 1882 4078 appetit,
1929 4014 2058 4078 quo
2106 3998 2293 4059 caret.
2341 3993 2425 4059 Et
2471 3996 2768 4078 quamvis
2811 3993 3111 4078 Theologi

489 4086 553 4146 et
619 4080 1038 4166 Metaphysici
1107 4083 1507 4167 distinguant
1563 4084 1732 4148 inter
1791 4083 1988 4148 finem
2032 4082 2406 4167 indigentiae
2452 4087 2516 4148 et
2558 4082 2753 4148 finem
2802 4083 3114 4149 assimila-

490 4171 706 4251 tiouiS,
768 4170 1054 4237 fatentur
1097 4177 1330 4255 tamen,
1373 4170 1584 4237 Deum
1631 4174 1848 4237 omnia
1893 4178 2149 4257 propter
2202 4191 2289 4254 se,
2331 4191 2462 4236 non
2509 4191 2660 4237 vero
2706 4178 2965 4257 propter
3009 4191 3114 4237 res

490 4258 796 4325 creandas
865 4262 1108 4345 egisse;
1179 4264 1333 4346 quia
1391 4262 1552 4325 nihil
1611 4268 1759 4327 ante
1821 4263 2207 4328 creationem
2255 4266 2484 4344 praeter
2526 4260 2738 4326 Deum
2785 4263 3116 4345 assignare

492 4352 780 4432 possunt,
824 4355 1080 4434 propter
1126 4351 1301 4435 quod
1345 4348 1522 4416 Deus
1568 4353 1814 4435 ageret3
1859 4351 2148 4435 adeoque
2169 4352 2528 4415 necessario
2552 4350 2755 4434 fateri,
2778 4355 3118 4435 coguntur,

491 4435 702 4503 Deum
749 4439 848 4522 iis,
893 4444 1147 4524 propter
1194 4459 1341 4526 quae
1389 4440 1595 4505 media
1638 4458 1865 4524 parare
1912 4441 2135 4523 voluit,
2181 4442 2483 4522 caruisse,
2530 4459 2734 4525 eaque
2772 4442 3120 4524 cupivisse,

490 4531 566 4592 ut
631 4545 745 4611 per
811 4546 881 4593 se
948 4528 1209 4593 clarum.
1270 4528 1407 4595 Nec
1467 4530 1572 4594 hic
1616 4530 2135 4613 praetereundum
2184 4533 2296 4612 est,
2344 4529 2517 4613 quod
2563 4531 2760 4613 hujus
2807 4529 3115 4594 doctrinae

489 4620 851 4702 sectatores,
898 4620 1012 4702 qui
1056 4619 1125 4682 in
1171 4619 1573 4703 assignandis
1617 4637 1835 4684 rerum
1877 4618 2123 4683 finibus
2168 4638 2363 4683 suum
2409 4620 2742 4704 ingenium
2791 4622 3114 4685 ostentare

558 4898 614 4967 1)
647 4900 872 4952 Brudor.
904 4927 972 4939 -—
1003 4899 1097 4952 Ed.
1129 4901 1244 4952 Pr.:
1285 4898 1605 4954 corollario.
