3609 5642
529 500 570 562 8
1579 512 1828 559 mmons
1870 512 2028 558 PARS
2067 513 2109 558 1.

528 686 870 751 existentia
912 685 1097 767 tollit,
1142 701 1589 767 summamque
1635 681 1714 747 de
1759 681 1980 746 eadem
2026 681 2472 747 certitudinem
2520 681 2645 764 dat,
2692 680 2867 765 quod
2911 676 3145 744 medio-

529 777 719 841 criter
756 775 1104 841 attendenti
1150 775 1563 859 perspicuum
1607 770 1742 837 fore
1789 771 1998 836 credo.

1363 922 2067 990 PROPOSITIO
2156 922 2307 988 ΧΠ.

612 1037 878 1105 Nullum
943 1037 1306 1105 substoentioe
1371 1037 1741 1104 attributum
1796 1041 1996 1122 potest
2050 1057 2189 1103 vere
2246 1036 2500 1120 concipi,
2543 1057 2621 1102 ex
2664 1056 2786 1122 quo
2829 1040 3149 1122 sequatur,

525 1129 944 1195 substantiam
981 1147 1157 1210 posse
1197 1128 1408 1194 dividi.

1479 1233 2194 1283 DEMONSTRATIO.

615 1318 840 1385 Partes
899 1320 1089 1402 enim,
1130 1321 1200 1383 in
1248 1338 1409 1403 quas
1457 1317 1818 1384 substantia
1863 1317 1956 1382 sic
2003 1320 2310 1400 concepta
2354 1316 2769 1399 divideretur,
2816 1318 2916 1382 vel
2963 1322 3148 1383 natu-

527 1429 664 1474 ram
731 1408 1110 1474 substantiae
1176 1407 1561 1490 retinebunt,
1624 1407 1725 1473 vel
1783 1426 1935 1471 non.
1996 1405 2067 1471 Si
2109 1408 2409 1491 primum,
2451 1410 2591 1471 tum
2639 1410 2785 1488 (per
2830 1407 2890 1472 8.
2935 1405 3149 1492 Prop.)

529 1517 942 1584 unaquaeque
1000 1516 1148 1581 pars
1214 1496 1469 1563 debebit
1515 1516 1656 1563 esse
1695 1495 1968 1577 infinita,
2010 1500 2074 1561 et
2117 1501 2269 1577 (per
2313 1494 2503 1575 Prop.
2551 1497 2637 1575 6.)
2680 1515 2876 1560 causa
2921 1498 3042 1580 sui,
3088 1502 3151 1561 et

528 1593 551 1667 (
564 1607 680 1672 per
739 1587 927 1668 Pr0p.
990 1587 1074 1666 5.)
1126 1591 1419 1651 constare
1465 1586 1720 1652 debebit
1765 1604 1851 1650 ex
1896 1586 2149 1650 diverso
2192 1584 2517 1668 attributo,
2563 1585 2852 1670 adeoque
2897 1604 2982 1650 ex
3027 1606 3159 1651 una

530 1677 891 1743 substantia
936 1678 1157 1760 plures
1203 1677 1508 1742 constitui
1555 1680 1870 1760 poterunt,
1917 1674 2090 1759 quod
2127 1679 2277 1755 (per
2313 1673 2503 1754 Prop.
2544 1675 2628 1754 6.)
2665 1680 2763 1740 est
2785 1674 3155 1740 absurdum.

528 1766 733 1850 Adde,
788 1765 961 1851 quod
1004 1770 1218 1850 partes
1260 1770 1411 1846 (per
1454 1763 1644 1845 Prop.
1691 1764 1777 1844 2.)
1825 1764 1985 1828 nihil
2033 1782 2376 1829 commune
2421 1783 2571 1829 cum
2621 1784 2741 1830 suo
2786 1769 2920 1829 toto
2964 1764 3155 1830 habe-

529 1861 689 1939 rent,
757 1860 820 1921 et
885 1859 1095 1920 totum
1162 1860 1313 1935 (per
1371 1853 1583 1936 Deftn.
1647 1853 1707 1916 4.
1766 1859 1825 1919 et
1869 1852 2060 1934 Prop.
2109 1853 2239 1932 10.)
2284 1853 2529 1938 absque
2574 1855 2712 1920 suis
2758 1852 3047 1939 partibus
3094 1858 3162 1919 et

529 1964 671 2012 esse
730 1951 793 2011 et
840 1946 1092 2029 concipi
1134 1948 1371 2029 posset,
1414 1944 1585 2028 quod
1631 1942 1986 2008 absurdum
2025 1961 2167 2008 esse
2212 1944 2415 2008 nemo'
2450 1942 2746 2009 dubitare
2792 1944 3047 2028 poterit.
3089 1942 3158 2008 Si

528 2040 741 2101 autem
811 2034 1168 2099 secundum
1238 2039 1532 2118 ponatur,
1601 2033 1775 2117 quod
1844 2033 2088 2097 scilicet
2156 2037 2367 2116 partes
2427 2036 2726 2097 naturam
2776 2031 3155 2098 substantiae

524 2144 655 2188 non
724 2122 1129 2190 retinebunt:
1202 2141 1374 2208 ergo,
1444 2142 1593 2187 cum
1663 2125 1796 2186 tota
1862 2120 2225 2188 substantia
2283 2124 2354 2186 in
2402 2123 2687 2206 aequales
2732 2128 2943 2207 partes
2990 2127 3158 2189 esset

527 2213 748 2288 divisa,
793 2217 1091 2278 naturam
1137 2212 1518 2278 substantiae
1564 2213 1902 2295 amitteret,
1947 2217 2010 2276 et
2047 2229 2189 2276 esse
2225 2212 2559 2294 desineret,
2586 2212 2760 2296 quod
2798 2218 2946 2297 (per
2968 2210 3164 2296 Pr0p.

526 2302 613 2383 7.)
657 2308 754 2369 est
798 2303 1170 2368 absurdum.

1354 2389 1409 2453 P
1430 2388 1490 2454 R
1513 2388 1566 2454 O
1591 2390 1647 2455 P
1671 2388 1726 2454 O
1751 2389 1794 2455 S
1819 2391 1853 2455 I
1873 2389 1924 2453 Τ
1946 2389 1980 2453 I
2005 2387 2058 2453 O
2149 2388 2336 2454 XIII.

615 2504 986 2573 Substantia
1027 2504 1301 2570 absolute
1342 2502 1597 2584 infinita
1639 2508 1733 2569 est
1775 2503 2191 2569 indivisibilis.

1474 2638 1516 2683 n
1553 2637 2205 2684 nucusrnrrm.

618 2719 689 2784 Si
754 2722 926 2785 enim
997 2719 1336 2785 divisibilis
1406 2724 1590 2802 esset,
1650 2723 1883 2803 parteS,
1927 2720 1997 2783 in
2044 2738 2208 2803 quas
2255 2719 2666 2802 divideretur,
2713 2721 2816 2784 vel
2861 2724 3155 2785 naturam

530 2808 907 2875 substantiae
959 2808 1250 2874 absolute
1293 2808 1564 2873 infinitae
1609 2808 2000 2892 retinebunt,
2045 2809 2146 2874 vel
2193 2827 2341 2873 non.
2388 2808 2456 2874 Si
2494 2810 2795 2895 primum,
2832 2809 3159 2874 dabuntur

531 2918 682 2983 ergo
748 2899 968 2983 plures
1037 2897 1414 2964 substantiae
1475 2898 1761 2981 ejusdem
1806 2903 2074 2980 naturae,
2123 2898 2298 2982 quod
2341 2903 2492 2979 (per
2537 2898 2728 2980 Prop.
2777 2899 2861 2978 5.)
2908 2905 3005 2964 est
3050 2898 3161 2963 ab·

532 2988 818 3053 surdum.
865 2986 934 3053 Si
980 2988 1337 3053 secundum
1386 2992 1681 3071 ponatur,
1725 3005 1877 3072 ergo
1922 2989 2016 3069 (ut
2058 2991 2279 3069 supra)
2325 2989 2558 3073 poterit
2596 2987 2956 3053 substantia
2978 2987 3159 3054 abso-

530 3077 669 3143 lute
726 3076 980 3142 infinita
1041 3077 1332 3144 desinere
1378 3095 1537 3160 esse,
1586 3077 1758 3162 quod
1802 3080 1952 3158 (per
1996 3075 2188 3157 Prop.
2236 3076 2361 3159 11.)
2409 3081 2506 3142 est
2549 3079 2742 3142 etiam
2788 3077 3158 3143 absurdum.

1512 3209 2174 3256 OOROLLARIUE

619 3290 727 3354 Ex
781 3291 883 3355 his
943 3292 1252 3375 sequitur,
1298 3292 1543 3356 nullam
1589 3291 2036 3374 substantiam,
2083 3297 2146 3356 et
2191 3295 2659 3376 consequenter
2703 3291 2958 3357 nullum
3008 3292 3159 3357 sub-

532 3374 833 3446 stantiam
881 3399 1268 3465 corpoream,
1318 3385 1638 3466 quatenus
1685 3381 2048 3447 substantia
2091 3385 2206 3465 est,
2252 3399 2393 3446 esse
2436 3380 2842 3446 divisibilem.

1622 3513 2100 3559 SOHOLIUM.

622 3593 808 3672 Quod
861 3594 1222 3661 substantia
1270 3598 1352 3661 sit
1395 3596 1829 3678 indivisibilis,
1875 3597 2230 3681 simplicius
2278 3614 2362 3661 ex
2406 3596 2527 3660 hoc
2573 3596 2709 3661 solo
2754 3596 3155 3680 intelligitur,

538 3685 711 3769 quod
779 3690 1010 3750 natura
1070 3684 1446 3750 substantiae
1506 3705 1636 3750 non
1686 3689 1895 3769 potest
1941 3687 2190 3769 concipi
2234 3686 2363 3750 nisi
2406 3685 2677 3768 infinita,
2721 3691 2783 3751 et
2828 3687 3001 3769 quod
3047 3704 3159 3770 per

536 3779 782 3860 partem
852 3774 1232 3839 substantiae
1300 3775 1463 3838 nihil
1522 3774 1699 3839 aliud
1742 3774 2017 3860 intelligi
2064 3779 2268 3859 potest
2316 3795 2508 3858 quam
2556 3774 2917 3840 substantia
2960 3775 3163 3859 finita,

540 3864 714 3948 quod
758 3868 909 3948 (per
951 3862 1145 3949 Prop.
1190 3864 1274 3942 8.)
1321 3863 1724 3929 manifestam
1771 3864 2339 3929 contradictionem
2384 3865 2668 3950 inplicat.

1370 4001 2072 4069 PROPOSITIO
2161 4002 2343 4068 XIV.

627 4114 872 4182 Praeter
916 4114 1120 4181 Deum
1163 4115 1346 4182 nulla
1389 4117 1538 4182 dari
1579 4136 1778 4203 neque
1821 4118 2060 4199 concipi
2098 4121 2297 4202 potest
2339 4117 2718 4184 substantia.

1495 4250 2214 4296 DEMONSTRATIQ

629 4330 792 4395 Oum
860 4329 1037 4397 Deus
1106 4333 1189 4396 sit
1257 4351 1371 4399 ens
1432 4332 1722 4397 absolute
1764 4330 2111 4414 infinitum,
2157 4332 2236 4396 de
2282 4350 2410 4417 quo
2457 4333 2714 4397 nullum
2761 4331 3165 4414 attributum,

541 4422 714 4504 quod
761 4424 1104 4486 essentiam
1152 4421 1529 4486 substantiae
1575 4423 1895 4506 exprimit,
1941 4423 2163 4506 negari
2207 4426 2417 4505 potest
2454 4425 2603 4504 (per
2625 4419 2831 4503 Defin.
2855 4422 2955 4504 6.),
2977 4423 3165 4504 isque

539 4512 901 4575 necessario
962 4512 1197 4576 existat
1255 4512 1401 4592 (per
1446 4509 1638 4593 Prop.
1684 4510 1845 4591 11.);
1895 4512 1951 4576 si
1997 4511 2215 4596 aliqua
2261 4511 2619 4577 substantia
2667 4516 2902 4596 praeter
2949 4508 3160 4576 Deum

543 4600 817 4682 daretur,
878 4619 953 4664 ea
1012 4600 1318 4685 explicari
1365 4599 1622 4666 deberet
1665 4619 1780 4684 per
1825 4600 2087 4684 aliquod
2132 4600 2508 4666 attributum
2555 4598 2695 4682 Dei,
2741 4603 2964 4685 sicque
3010 4600 3158 4664 duae

528 4689 919 4755 substantiae
964 4689 1251 4773 ejusdem
1297 4689 1584 4754 attributi
1631 4691 1999 4772 existerent,
2049 4690 2222 4774 quod
2268 4693 2414 4771 (per
2449 4688 2638 4770 Prop.
2679 4689 2765 4771 5.)
2801 4695 2897 4755 est
2937 4689 3160 4753 absur-

543 4779 735 4858 dum3
781 4779 1068 4862 adeoque
1114 4780 1294 4843 nulla
1339 4778 1700 4844 substantia
1745 4784 1929 4845 extra
1973 4777 2185 4845 Deum
2237 4780 2375 4844 dari
2412 4784 2639 4864 potest,
2680 4784 2745 4844 et
2767 4797 3164 4863 consequen-

541 4872 638 4934 ter
697 4888 826 4933 non
872 4870 1061 4935 etiam
1107 4870 1370 4955 concipi.
1417 4866 1584 4934 Nam
1629 4869 1686 4934 si
1729 4873 1945 4955 posset
1990 4870 2255 4955 concipi,
2300 4868 2557 4935 deberet
2602 4871 2962 4936 necessario
3009 4887 3159 4933 con-
