3609 5642
529 493 613 585 90
1549 513 1797 561 minens
1842 515 1997 560 rans
2041 514 2129 560 111.

524 682 767 747 ratione
834 681 1117 765 affectus,
1184 638 1283 747 exx
1328 701 1457 766 quo
1518 683 1755 763 oritur3
1820 686 2017 767 atque
2065 682 2222 748 adeo
2267 682 2325 747 si
2370 683 2571 765 major
2614 681 2808 747 fuerit
2851 682 2983 765 illc,
3029 683 3147 766 qui

524 789 608 836 ex
654 768 816 835 Odio
863 772 1083 854 oritur,
1125 775 1188 836 et
1233 789 1363 856 quo
1407 789 1564 854 rem,
1611 791 1805 856 quam
1853 772 1988 836 odit
2033 775 2184 858 (per
2226 770 2422 856 Prop.
2460 771 2564 836 26.
2603 771 2842 855 hujus),
2862 771 3146 837 Tristitia

522 859 774 926 afficere
834 865 1122 942 conatur,
1181 863 1241 926 ei
1285 860 1682 946 praevalebit,
1729 867 1793 927 et
1840 859 2080 927 Odium
2126 880 2211 926 ex
2255 862 2470 927 animo
2517 860 2768 928 delebit.
2819 859 2889 941 Q.
2918 860 3010 925 Ἐ.
3057 860 3147 926 D.

1329 1009 2029 1077 PROPOSITIO
2117 1010 2350 1075 XLIV.

618 1135 863 1222 Odium,
930 1137 1095 1224 quod
1160 1137 1393 1202 Amore
1456 1137 1651 1223 plane
1715 1138 2017 1221 vincitur,
2075 1139 2148 1203 in
2191 1138 2484 1203 Amorem
2528 1136 2798 1216 nansia·
2843 1141 2902 1201 et
2943 1135 3147 1202 Amor

520 1186 863 1310 propterea
892 1245 1094 1309 mayor
1137 1233 1245 1310 est,
1292 1246 1484 1313 qnam
1527 1227 1585 1291 si
1636 1225 1861 1293 Odium
1907 1247 2034 1293 non
2073 1228 2500 1312 praecessisset.

1469 1360 2170 1406 DEMONSTBATIO

611 1441 832 1505 eodem
900 1439 1090 1505 modo
1158 1440 1443 1525 procedit
1510 1461 1587 1506 ac
1652 1441 2121 1527 Propositionis
2189 1443 2291 1507 38.
2358 1441 2569 1524 hujus.
2614 1440 2781 1505 Nam
2829 1442 2943 1525 qui
2985 1458 3145 1522 rem,

524 1549 715 1613 quam
763 1529 915 1613 odit,
960 1532 1097 1594 sive
1143 1549 1335 1614 quam
1382 1550 1530 1595 cum
1575 1529 1860 1596 Tristitia
1898 1531 2313 1615 contemplari
2351 1529 2612 1611 solebat,
2649 1548 2863 1595 amare
2898 1530 3143 1611 incipit,

523 1637 598 1683 eo
664 1620 827 1702 ipso,
891 1619 1066 1703 quod
1134 1623 1321 1701 amat,
1390 1621 1665 1704 laetatur,
1725 1626 1790 1685 et
1850 1620 2001 1685 huic
2047 1618 2336 1701 Laetitiae,
2381 1639 2576 1705 quam
2623 1621 2825 1684 Amor
2867 1618 3149 1690 involvit

522 1707 696 1784 (vide
752 1709 894 1792 ejus
938 1706 1145 1789 Defin.
1190 1709 1266 1773 in
1311 1705 1504 1774 Schol.
1551 1708 1748 1794 Prop.
1794 1710 1898 1773 13.
1943 1708 2186 1794 hujus),
2245 1710 2354 1773 illa
2415 1711 2606 1774 etiam
2667 1708 2929 1787 accedit,
2991 1727 3140 1791 quae

523 1815 605 1861 ex
650 1815 725 1861 eo
771 1798 989 1875 oritur,
1033 1797 1207 1881 quod
1253 1803 1522 1863 conatus
1568 1799 1909 1863 amovendi
1953 1797 2318 1880 Tristitiam,
2365 1818 2559 1883 quam
2607 1795 2844 1862 Odium
2869 1797 3142 1862 involvit

522 1889 618 1965 (nt
661 1885 731 1950 in
775 1885 968 1971 Prop.
1017 1886 1119 1950 37.
1164 1885 1362 1969 hujus
1405 1888 1826 1969 ostendimus),
1870 1907 2139 1972 prorsus
2177 1890 2462 1972 juvatur,
2509 1887 2975 1951 concomitante
2997 1885 3142 1951 idea

522 1976 678 2058 ejuS,
726 1994 916 2060 quem
965 1976 1111 2040 odio
1156 1975 1398 2060 habuit,
1444 1982 1751 2060 tanquam
1800 1997 2012 2042 causa.

1593 2110 2067 2155 SGHOLIUM.

612 2188 921 2266 Quamvis
985 2208 1088 2255 res
1155 2192 1246 2256 ita
1311 2209 1381 2257 se
1449 2191 1692 2274 habeat,
1753 2210 1945 2257 nemo
2006 2196 2219 2256 tamen
2282 2190 2622 2255 conabitur
2671 2209 2806 2255 rem
2855 2190 3138 2274 aliquam

523 2278 669 2342 odio
715 2279 967 2362 habere,
1010 2280 1114 2346 vel
1158 2279 1438 2346 Tristitia
1484 2281 1671 2365 affici,
1716 2287 1790 2346 ut
1837 2283 2061 2364 majori
2109 2281 2227 2345 hac
2265 2278 2516 2344 Laetitia
2553 2280 2840 2361 fruatur-3
2882 2280 3003 2343 hoc
3027 2284 3142 2362 est,

524 2386 712 2432 nemo
797 2388 908 2453 spe
976 2369 1280 2433 damnum
1350 2371 1792 2456 recuperandi,
1861 2372 2168 2436 damnum
2238 2368 2361 2433 sibi
2429 2368 2653 2433 inferri
2719 2370 2954 2453 cupiet,
3020 2388 3141 2433 nec

522 2462 829 2541 aegrotare
897 2458 1279 2524 desiderabit
1324 2478 1437 2544 spe
1482 2460 1988 2525 convalescendi.
2034 2458 2202 2524 Nam
2251 2460 2707 2543 unusquisque
2752 2477 2943 2524 suum
2992 2476 3133 2523 esse

522 2565 920 2629 conservare,
984 2553 1045 2613 et
1091 2547 1461 2630 Tristitiam‚
1507 2555 1823 2633 quantum
1870 2554 2101 2633 potest,
2146 2566 2443 2614 amovere
2488 2566 2741 2633 semper
2785 2544 3141 2612 conabitur.

522 2634 709 2712 Quod
777 2638 834 2702 si
907 2642 1129 2701 contra
1195 2640 1447 2723 concipi
1504 2644 1737 2721 posset,
1782 2640 2106 2704 hominem
2152 2656 2342 2721 posse
2385 2656 2619 2721 cupere
2664 2637 2945 2721 aliquem
2994 2636 3140 2701 odio

522 2724 774 2808 habere,
839 2731 913 2789 ut
977 2745 1123 2791 eum
1185 2732 1404 2809 postea
1462 2730 1687 2811 majori
1733 2747 1949 2793 amore
1995 2732 2441 2812 prosequatur,
2487 2731 2623 2791 tum
2671 2727 2948 2791 eundem
2996 2725 3141 2791 odio

523 2813 754 2879 habere
818 2832 1067 2899 semper
1133 2815 1532 2881 desiderabit.
1600 2817 1768 2881 Nam
1829 2836 1960 2902 quo
2023 2815 2257 2882 Odium
2307 2817 2516 2899 majus
2561 2815 2772 2899 fuerit,
2816 2834 2892 2880 eo
2939 2816 3144 2879 Amor

522 2903 643 2967 erit
703 2903 917 2986 maj0r,
962 2909 1157 2989 atque
1201 2906 1358 2970 adeo
1406 2906 1792 2971 desiderabit
1839 2924 2104 2990 semper,
2149 2911 2223 2970 ιιι
2270 2903 2509 2970 Odium
2556 2907 2760 2989 magis
2808 2906 3142 2989 magisque

522 2996 852 3076 augeatur,
896 2998 960 3058 et
1005 2993 1225 3059 eadem
1272 2995 1351 3060 de
1395 3014 1590 3060 causa
1636 2996 1825 3060 homo
1872 2997 2076 3079 magis
2116 3014 2189 3059 ac
2229 2996 2433 3079 magis
2457 2998 2765 3078 aegrotare
2786 2993 3143 3075 conabitur,

523 3086 597 3145 ut
642 3082 863 3165 majori
908 3080 1159 3147 Laetitia
1204 3102 1289 3148 ex
1332 3085 1750 3150 restauranda
1795 3085 2163 3149 valetudine
2198 3089 2419 3168 postea
2452 3084 2738 3164 fruatur;
2765 3088 2959 3167 atque
2982 3083 3142 3148 adeo

524 3189 774 3256 semper
835 3177 1142 3256 aegrotare
1200 3172 1554 3255 conabitur,
1617 3174 1793 3259 quod
1838 3179 1987 3260 (per
2029 3173 2221 3258 Prop.
2266 3174 2324 3237 6.
2370 3172 2584 3257 hujus)
2627 3177 2724 3239 est
2769 3172 3142 3238 absurdum.

1338 3309 2034 3376 PROPOSITIO
2124 3308 2324 3374 XLV.

612 3431 684 3497 Si
748 3435 891 3519 quis
948 3434 1223 3539 aliquem
1268 3435 1387 3501 sibi
1431 3435 1689 3501 similem
1744 3434 1899 3503 odio
1942 3436 2012 3500 in
2057 3455 2188 3501 rem
2233 3434 2352 3501 sibi
2395 3434 2675 3520 similem,
2719 3454 2908 3521 quam
2952 3441 3144 3513 amat,

520 3521 812 3601 affectum
856 3544 984 3589 esse
1026 3525 1431 3608 imayinatur,
1477 3545 1616 3590 eum
1665 3525 1808 3592 odio
1851 3525 2110 3591 habebit

1472 3657 2186 3704 DEHONSTRATIO.

610 3735 774 3801 Nam
844 3755 945 3802 res
991 3743 1199 3803 amata
1244 3757 1411 3822 eum,
1456 3741 1569 3825 qui
1614 3743 1820 3825 ipsam
1868 3740 2020 3822 odit,
2064 3739 2210 3804 odio
2256 3742 2479 3803 contra
2523 3737 2712 3804 habet
2756 3742 2904 3823 (per
2947 3737 3139 3822 Prop.

522 3825 625 3889 40.
669 3824 915 3910 hujus):
966 3828 1252 3911 adeoque
1298 3848 1537 3910 amans,
1586 3831 1699 3914 qui
1747 3830 2028 3913 aliquem
2075 3829 2465 3913 imaginatur
2508 3848 2643 3893 rem
2691 3833 2964 3892 amatam
2992 3828 3139 3892 odio

522 3914 773 3997 habere,
818 3934 893 3980 eo
938 3918 1079 4000 ipso
1124 3936 1259 3982 rem
1308 3923 1582 3983 amatam
1631 3917 1816 4001 Odi0,
1860 3920 1980 3982 hoc
2026 3923 2123 3984 est
2167 3920 2316 4002 (per
2355 3915 2548 3981 Schol.
2572 3915 2768 4001 Prop.
2795 3916 2899 3980 13.
2921 3915 3140 4001 hayus)

520 4003 815 4084 Tristitia,
861 4004 1149 4070 affectam
1195 4024 1336 4071 esse
1381 4008 1787 4091 imaginatur,
1825 4014 1888 4072 et
1925 4012 2391 4090 consequenter
2416 4008 2563 4087 (per
2585 4005 2774 4086 Prop.
2799 4005 2903 4069 21.
2928 4005 3145 4089 hujus)

522 4094 951 4175 contristatur,
1017 4094 1258 4179 idque
1284 4098 1751 4161 concomitante
1818 4097 1961 4160 idea
2028 4098 2186 4179 eine,
2257 4098 2372 4179 qui
2440 4115 2577 4161 rem
2644 4100 2918 4160 amatam
2988 4095 3145 4177 odit,

523 4190 1104 4352 {apqzamEthisa
1153 4185 1275 4249 hoc
1319 4190 1417 4250 est
1461 4189 1609 4270 (per
1646 4183 1841 4251 Schol.
1881 4185 2074 4271 Prop.
2117 4186 2219 4250 13.
2254 4183 2488 4268 hayus),
2523 4187 2739 4269 ipsum
2778 4185 2924 4249 odio
2950 4183 3139 4249 habe-

566 4291 590 4334 1

1324 4384 2022 4453 PROPOSITIO
2113 4386 2345 4452 XLVI.

612 4509 684 4574 Si
747 4510 887 4596 qais
952 4511 1031 4577 ab
1096 4511 1309 4600 aliquo
1374 4513 1704 4598 eujusdam
1727 4514 1773 4596 1)
1842 4514 2058 4580 elassis
2115 4514 2241 4579 sive
2297 4511 2567 4579 nationis
2610 4534 2653 4578 a
2697 4531 2817 4576 sua
2861 4511 3145 4597 diversoe,

523 4598 778 4666 Loetitia
836 4601 929 4666 vel
971 4601 1268 4667 Tristitia
1309 4601 1566 4682 affectus
1609 4604 1830 4688 fuerit,
1875 4603 2313 4670 concomitante
2357 4604 2496 4687 ejus
2537 4601 2695 4684 idea,
2738 4600 2851 4666 sub
2894 4601 3145 4668 nomine

585 4883 643 4950 1)
677 4883 771 4937 Ed.
803 4884 918 4936 Pr.:
951 4884 1242 4952 ciffusdem.
1277 4885 1629 4951 Corrigenda:
1665 4885 1921 4953 ejusdem.
