3609 5642
511 459 639 523 102
1525 480 1772 526 marens
1816 479 1972 525 rans
2016 478 2102 524 111.

508 648 830 713 distractio
896 666 981 713 ex
1050 648 1233 713 nulla
1300 666 1495 713 causa
1561 648 1854 733 positiva,
1920 666 2068 732 quae
2132 645 2418 713 Mentem
2477 643 2557 711 ab
2617 646 2761 711 aliis
2805 645 3133 730 distrahat,

507 738 727 819 oritur,
793 737 908 802 sed
976 741 1228 802 tantum
1287 755 1371 802 ex
1431 755 1527 820 eo,
1587 737 1762 822 quod
1809 756 2023 818 causa,
2068 755 2186 800 cur
2231 735 2417 801 Mens
2465 754 2545 801 ex
2595 737 2795 800 unius
2840 737 2936 801 rei
2980 755 3131 800 con-

505 827 915 910 templatione
961 826 1043 891 ad
1086 827 1213 891 alia
1258 826 1670 911 cogitandum
1716 827 2194 907 determinatur,
2242 825 2469 890 deficit.
2513 824 2667 890 Tres
2712 825 2911 909 igitur
2948 827 3045 906 (ut
3065 827 3135 888 in

506 913 704 980 Schol.
751 913 945 1001 Prop.
989 916 1091 980 11.
1138 913 1331 997 hujus
1372 916 1608 996 monui)
1652 922 1906 980 tantum
1952 915 2215 981 affectus
2251 916 2612 999 primitivos
2651 932 2768 980 seu
2792 916 3134 999 primarios

506 1023 806 1089 agnosce,
872 1023 1103 1090 nempe
1161 1003 1446 1087 Laetitiae,
1501 1004 1817 1088 Tristitiae,
1876 1009 1940 1069 et
2000 1003 2414 1090 Cupiditatis3
2478 1023 2600 1068 nec
2645 1003 2771 1068 alia
2816 1004 2896 1069 de
2939 1023 3136 1068 causa

506 1093 700 1159 verba
765 1093 846 1159 de
910 1094 1356 1159 Admiratione
1423 1093 1566 1177 feci,
1634 1113 1830 1179 quam
1895 1096 2050 1178 quia
2110 1113 2235 1160 usu
2293 1093 2538 1158 factum
2585 1098 2700 1173 est,
2750 1098 2823 1158 ut
2868 1093 3132 1178 quidam

506 1183 788 1265 affectus,
855 1185 970 1268 qui
1030 1203 1114 1249 ex
1171 1182 1381 1249 tribus
1426 1185 1772 1267 primitivis
1818 1183 2211 1267 derivantur,
2254 1183 2400 1248 aliis
2446 1181 2818 1247 nominibus
2864 1182 3137 1247 indicari

506 1273 772 1354 soleant,
833 1273 1091 1358 quando
1138 1273 1219 1337 ad
1265 1271 1530 1356 objecta,
1576 1293 1722 1357 quae
1767 1273 2181 1355 admiramur,
2225 1271 2630 1352 referuntu13
2677 1291 2823 1357 quae
2870 1271 3135 1355 quidem

505 1363 668 1426 ratio
738 1380 840 1427 me
905 1380 987 1427 ex
1046 1381 1232 1447 aequo
1294 1368 1525 1447 movet,
1571 1368 1646 1428 ut
1690 1363 1881 1428 etiam
1930 1361 2350 1446 Contemptus
2397 1360 2829 1427 definitionem
2877 1362 2979 1427 his
3023 1361 3135 1426 ad-

500 1453 805 1537 jungam.-

1782 1539 1864 1605 V.

601 1650 1001 1733 Contemptus
1066 1658 1165 1719 est
1222 1655 1316 1720 rei
1375 1654 1651 1738 alicujus
1709 1655 2102 1739 imaginatio,
2163 1673 2309 1739 quae
2370 1653 2653 1719 Mentem
2699 1653 2858 1718 adeo
2905 1672 3134 1737 parum

507 1744 729 1826 tangit,
789 1749 860 1807 ut
919 1743 1063 1826 ipsa
1121 1741 1306 1808 Mens
1367 1762 1451 1809 ex
1508 1745 1602 1809 rei
1647 1745 1986 1828 praesentia
2033 1745 2235 1828 magis
2284 1749 2618 1809 moveatur
2662 1743 2744 1807 ad
2791 1761 2866 1808 ea
2907 1743 3135 1826 imagi-

506 1832 816 1911 nandum,
861 1851 1014 1937 quae·
1051 1833 1122 1895 in
1165 1834 1306 1917 ipsa
1349 1851 1419 1897 re
1461 1852 1595 1899 nou
1642 1838 1818 1917 sunt,
1857 1852 2051 1917 quam
2091 1852 2238 1919 quae
2278 1833 2349 1897 in
2387 1835 2532 1918 ipsa
2568 1837 2741 1898 sunt.
2777 1830 2916 1898 Via.
2938 1830 3136 1895 Schol.

508 1920 1533 2077 Prffiiiffiiiolnggusffenerationis
1602 2016 1667 2076 et
1732 2009 2222 2096 Dedignationis
2284 2012 2514 2076 missas
2573 2011 2678 2075 hic
2737 2010 2921 2091 faci0,
2982 2010 3136 2094 quia

507 2100 692 2184 nulli,
739 2099 913 2185 quod
962 2102 1178 2181 sciam,
1223 2100 1488 2165 affectus
1533 2119 1616 2166 ex
1661 2101 1764 2166 his
1810 2118 2046 2166 nomen
2092 2100 2374 2165 trahunt.

1763 2224 1878 2290 VI.

594 2338 795 2404 Amor
838 2343 937 2405 est
979 2338 1232 2406 Laetitia
1274 2341 1745 2405 concomitante
1790 2339 1937 2405 idea
1980 2358 2194 2405 causae
2231 2343 2533 2405 externae.

1532 2473 2114 2519 EXPLIOA'MO.

589 2553 748 2619 Haec
791 2552 1095 2621 Definitio
1143 2556 1302 2620 satis
1346 2556 1517 2621 clare
1561 2556 1823 2621 Amoris
1869 2556 2214 2620 essentiam
2261 2554 2571 2639 explicat,
2621 2555 2732 2619 illa
2769 2572 2922 2619 vero
2960 2555 3138 2618 Auc-

503 2648 737 2726 torum,
805 2645 920 2728 qui
965 2644 1282 2710 definiunt
1326 2643 1621 2710 Amorem
1666 2665 1797 2710 esse
1840 2644 2224 2709 voluntatem
2267 2645 2542 2709 amantia
2586 2664 2653 2709 se
2692 2643 3001 2726 jungendi
3042 2645 3139 2708 rei

501 2739 747 2815 amatoe,
792 2752 923 2797 non
969 2734 1230 2799 Amoris
1275 2735 1637 2815 essentiam,
1683 2734 1798 2799 sed
1835 2737 1975 2817 ejus
2011 2734 2460 2818 proprietatem
2499 2735 2826 2818 exprimit,
2864 2739 2944 2816 et,
2983 2734 3137 2817 quia

500 2822 763 2887 Amoris
833 2825 1111 2888 essentia
1177 2842 1307 2887 non
1378 2824 1533 2888 satis
1593 2822 1674 2887 ab
1721 2822 2121 2889 Auctoribus
2167 2829 2499 2907 perspecta
2543 2822 2686 2907 fuit,
2732 2823 2876 2887 ideo
2923 2840 3137 2905 neque

503 2912 645 2993 ejus
713 2912 1118 2995 proprietatis
1178 2912 1384 2976 ullum
1447 2912 1692 2976 clarum
1740 2917 2123 2997 conceptum
2171 2911 2403 2978 habere
2446 2917 2827 2996 potuerunt3
2877 2916 2939 2976 et
2987 2912 3138 2975 hinc

501 3000 763 3082 factum,
808 3005 881 3066 ut
928 3019 1150 3066 eorum
1196 2999 1635 3067 definitionem
1682 3002 2032 3067 admodum
2075 3000 2412 3066 obscuram
2454 3020 2597 3067 esse
2635 3019 2860 3066 omnes
2887 3000 3138 3084 Judica-

507 3090 733 3154 verint.
802 3089 1047 3155 Verum
1109 3091 1482 3172 notandum,
1542 3110 1692 3155 cum
1740 3091 1904 3173 dico,
1947 3091 2397 3175 proprietatem
2446 3109 2589 3156 esse
2632 3092 2701 3154 in
2750 3096 3021 3172 amante,
3068 3108 3139 3155 se

503 3178 834 3244 voluntate
885 3179 1159 3264 jungere
1217 3181 1311 3245 rei
1357 3184 1604 3264 amatae,
1650 3198 1755 3245 me
1799 3199 1915 3265 per
1959 3180 2358 3245 voluntatem
2405 3199 2538 3244 non
2583 3180 2943 3264 intelligere
2987 3199 3138 3243 con-

504 3286 789 3349 sensum,
859 3269 960 3333 vel
1025 3270 1224 3333 animi
1293 3268 1816 3334 deliberationem
1888 3287 2003 3334 seu
2064 3268 2342 3334 liberum
2405 3270 2733 3335 decretum
2796 3273 2968 3349 (nam
3015 3269 3137 3333 hoc

500 3356 800 3422 fictitium
868 3375 1010 3423 esse
1079 3357 1665 3424 demonstravimus
1725 3357 2174 3443 Propositione
2232 3360 2337 3422 48.
2381 3360 2582 3442 partis
2630 3360 2687 3422 2.
2693 3360 2733 3440 ),
2776 3376 2898 3423 nec
2943 3359 3134 3424 etiam

504 3444 931 3530 Cupiditatem
1002 3465 1143 3512 sese
1192 3447 1511 3532 jungendi
1554 3448 1649 3513 rei
1694 3454 1940 3531 amatae,
1986 3447 2245 3533 quando
2292 3446 2489 3531 abest,
2534 3448 2638 3512 vel
2683 3447 3135 3531 perseverandi

502 3537 574 3599 in
639 3536 847 3619 ipsius
906 3538 1266 3620 praesentia,
1327 3536 1586 3622 quando
1646 3537 1861 3618 adest3
1922 3541 2132 3621 potest
2177 3555 2458 3621 namque
2503 3555 2684 3601 amor
2729 3536 2974 3621 absque
3017 3536 3135 3600 hac

505 3628 617 3689 aut
679 3624 791 3688 illa
861 3622 1224 3709 cupiditate
1289 3626 1571 3709 concipi3
1643 3626 1757 3691 sed
1817 3645 1931 3710 per
1975 3627 2375 3691 voluntatem
2422 3644 2527 3691 me
2571 3626 3133 3711 Acquiescentiam

503 3713 879 3797 intelligere,
924 3733 1072 3798 quae
1119 3720 1217 3779 est
1260 3714 1330 3779 in
1375 3715 1653 3780 Amante
1700 3714 1780 3779 ob
1819 3717 1914 3780 rei
1952 3719 2177 3780 amatae
2217 3717 2647 3801 praesentiam,
2669 3735 2708 3779 a
2733 3735 2861 3800 qua
2884 3713 3136 3779 Laetitia

507 3804 783 3868 amantis
830 3802 1299 3887 corroboratur,
1346 3809 1459 3869 aut
1506 3804 1730 3869 saltem
1778 3804 2049 3870 fovetur.

1750 3930 1900 3995 VII.

601 4039 832 4107 Odium
878 4047 974 4106 est
1017 4041 1299 4108 Tristitia
1342 4045 1806 4110 concomitante
1851 4045 1995 4110 idea
2039 4063 2251 4110 causae
2297 4048 2601 4110 externae.

599 4253 760 4332 Quae
804 4256 910 4319 hic
955 4257 1236 4321 notanda
1282 4260 1455 4338 sunt,
1500 4176 1585 4322 οἱ
1596 4177 1820 4322 Χᾱξοῗὶἑ
1834 4177 1938 4321 cin
1955 4177 2402 4341 Tgrgecedentis
2447 4256 2860 4323 Definitionis
2908 4258 3136 4343 Expli-

510 4346 760 4410 catione
802 4344 988 4410 facile
1031 4347 1494 4430 percipiuntur.
1555 4344 1710 4412 Vide
1741 4350 2061 4431 proeterea
2106 4345 2301 4412 Schol.
2347 4346 2535 4427 Prop.
2585 4346 2689 4410 13.
2725 4346 2773 4427 ¹)
2816 4346 3025 4430 hujus.

1739 4471 1919 4537 VIII.

601 4569 953 4654 Propensio
1040 4577 1138 4637 est
1218 4571 1470 4638 Laetitia
1537 4576 2006 4640 concomitante
2072 4575 2216 4640 idea
2284 4575 2560 4658 alicujus
2630 4576 2744 4659 rei,
2812 4595 2957 4660 quae
3026 4593 3138 4659 per

511 4660 811 4726 accidens
859 4680 1055 4726 causa
1104 4665 1200 4727 est
1244 4660 1528 4727 Laetitiae.

577 4858 634 4925 1)
669 4858 893 4912 Bruder.
927 4887 994 4896 —
1028 4859 1123 4911 Ed.
1158 4859 1277 4910 Pr·:
1310 4856 1487 4913 Schol.
1519 4857 1690 4928 Prop.
1724 4861 1811 4912 11.
