3609 5642
517 519 644 584 116
1538 535 1789 615 mons
1834 537 1989 583 mss
2031 538 2119 583 ιν.

514 708 701 787 esset,
745 704 1194 788 imaginamur,
1238 704 1494 767 tametsi
1541 721 1767 768 verum
1815 705 1955 788 ejus
1991 704 2205 769 locum
2230 706 2638 785 noverimus3
2666 708 2728 770 et
2751 707 2844 770 sic
2868 705 3136 790 reliquae

512 794 1018 877 imaginationes,
1078 790 1316 875 quibus
1378 790 1563 857 Mens
1606 791 1874 876 fallitur,
1919 795 2057 860 sive
2102 812 2193 859 eae
2238 795 2597 858 naturalem
2645 792 2940 879 Corporis
2988 813 3138 858 con-

514 883 928 966 stitutionem,
996 882 1132 946 sive
1202 880 1379 965 quod
1445 881 1731 964 ejusdem
1801 882 2034 966 agendi
2103 885 2448 967 potentiam
2518 886 2737 966 augeri
2785 885 2889 948 vel
2928 885 3058 948 min
3068 885 3137 946 ui

513 971 819 1053 indicant,
881 989 1033 1036 vero
1077 988 1209 1033 non
1256 973 1412 1034 sunt
1454 971 1804 1054 contrariae,
1849 989 1969 1036 nec
2015 973 2301 1056 ejusdem
2347 976 2688 1058 praesentia
2726 976 3138 1039 evanescunt.

516 1059 619 1124 Fit
688 1060 968 1145 quidem,
1036 1077 1186 1123 cum
1254 1058 1415 1124 falso
1475 1059 1736 1143 aliquod
1783 1061 2027 1125 malum
2073 1063 2401 1145 timemus,
2444 1067 2518 1126 ut
2564 1063 2755 1126 timor
2800 1067 3139 1129 evanescat

515 1148 736 1214 audito
804 1167 956 1214 vero
1024 1149 1285 1230 nuntio;
1355 1148 1466 1213 sed
1536 1153 1758 1213 contra
1826 1151 2019 1214 etiam
2080 1148 2172 1231 fit,
2231 1169 2378 1215 cum
2442 1150 2702 1230 malum,
2748 1152 2923 1234 quod
2969 1156 3140 1215 certe

516 1243 865 1303 venturum
913 1241 1026 1320 est,
1071 1238 1392 1315 timemus,
1440 1242 1512 1302 ut
1558 1238 1751 1302 timor
1794 1241 1986 1303 etiam
2032 1246 2371 1305 evanescat
2417 1239 2637 1304 audito
2675 1240 2837 1305 falso
2875 1241 3136 1319 nuntio;

519 1331 713 1411 atque
758 1327 914 1392 adeo
957 1327 1449 1411 imaginationes
1496 1345 1628 1390 non
1674 1329 2015 1411 proesentia
2058 1331 2214 1412 veri,
2262 1334 2581 1413 quatenus
2620 1348 2869 1413 verum,
2906 1347 3140 1396 evane-

516 1421 726 1500 scunt,
786 1416 900 1481 sed
959 1417 1112 1499 quia
1169 1415 1312 1479 aliae
1358 1421 1708 1480 occurrunt
1751 1418 1834 1481 iis
1878 1416 2189 1500 fortiores,
2236 1438 2380 1502 quae
2426 1437 2662 1502 rerum,
2709 1438 2871 1502 quas
2915 1418 3141 1502 imagi-

515 1525 768 1589 namur,
810 1510 1190 1591 praesentem
1238 1505 1645 1570 existentiam
1694 1506 2058 1590 secludunt,
2102 1511 2175 1572 ut
2214 1506 2399 1592 Prop.
2429 1508 2529 1572 17.
2553 1528 2612 1592 p.
2637 1509 2695 1571 2.
2721 1509 3140 1574 ostendimus.

1392 1640 2095 1708 PROPOSITIO
2185 1644 2268 1708 Π.

603 1753 738 1821 Nos
801 1760 1054 1821 eatenus
1115 1757 1418 1840 patimur,
1487 1762 1796 1843 quatenus
1861 1757 2135 1824 Naturoe
2190 1778 2410 1823 sumus
2470 1778 2644 1843 Ρανε,
2710 1779 2851 1840 quae
2907 1780 3022 1843 per
3080 1779 3143 1823 se

516 1845 748 1931 absque
790 1844 938 1910 aliis
979 1863 1107 1910 non
1140 1851 1344 1926 potest
1386 1846 1643 1927 concipi.

1463 1977 2181 2024 DEMONSTRATIO.

606 2058 743 2125 Nos
801 2063 942 2123 tum
987 2059 1118 2143 pati
1166 2059 1456 2142 dicimur,
1502 2079 1650 2124 cum
1699 2060 1944 2144 aliquid
1990 2063 2060 2125 in
2105 2060 2292 2126 nobis
2338 2061 2559 2143 oritur,
2605 2062 2792 2144 cujus
2836 2081 2967 2126 non
3015 2063 3141 2125 nisi

517 2147 803 2233 partialis
850 2168 1079 2213 sumus
1127 2167 1320 2213 causa
1365 2151 1498 2234 (per
1543 2146 1757 2231 Defin.
1804 2151 1867 2214 2.
1909 2171 1971 2236 Ρ.
2018 2151 2119 2233 3),
2163 2151 2284 2215 hoc
2331 2156 2429 2215 est
2473 2153 2607 2235 (per
2643 2149 2853 2232 Defin.
2892 2151 2950 2214 1.
2971 2170 3033 2234 Ρ.
3060 2151 3140 2231 3.)

518 2237 783 2322 aliquid,
829 2238 1003 2322 quod
1063 2256 1148 2303 ex
1208 2239 1361 2302 solis
1407 2238 1662 2321 legibus
1706 2244 1943 2304 nostrae
1988 2246 2237 2305 naturae
2290 2240 2520 2305 deduci
2564 2242 2805 2324 nequit.
2849 2239 3142 2304 Patimur

516 2328 734 2411 igitur,
797 2331 1114 2412 quatenus
1168 2326 1434 2392 Naturae
1481 2347 1708 2393 sumus
1752 2348 1922 2413 pars,
1969 2349 2115 2413 quae
2159 2348 2273 2414 per
2318 2348 2388 2394 se
2433 2329 2679 2412 absque
2725 2329 2868 2394 aliis
2914 2330 3141 2414 nequit

517 2416 784 2500 concipi.
835 2414 903 2495 Q.
949 2412 1030 2481 E.
1075 2413 1158 2479 D.

1378 2504 2075 2571 PROPOSITIO
2167 2506 2284 2571 III.

617 2616 746 2694 Vis,
810 2639 939 2703 qua
1004 2616 1181 2682 homo
1244 2618 1319 2681 in
1386 2618 1705 2684 existendo
1767 2625 2138 2704 perseverat,
2198 2620 2466 2685 limitata
2525 2626 2633 2704 est,
2674 2626 2735 2685 et
2778 2641 2818 2684 a
2859 2620 3138 2701 potentia

516 2727 850 2772 causarum
895 2713 1297 2772 externarum
1340 2707 1596 2789 infinite
1638 2713 1998 2793 superatur.

1479 2839 2179 2887 nunonsrlumo

605 2913 777 2993 patet
845 2927 926 2974 ex
994 2909 1339 2974 Axiomate
1400 2911 1610 2993 hujus.
1668 2908 1835 2975 Nam
1900 2911 2047 2975 dato
2109 2910 2369 2975 homine
2413 2910 2603 2975 datur
2651 2911 2896 2994 aliquid
2942 2911 3138 2992 aliud,

516 3003 673 3086 puta
740 2998 820 3080 A,
888 2998 1225 3083 potentius,
1295 3003 1358 3062 et
1425 2998 1570 3063 dato
1637 3001 1701 3063 A
1769 2999 1960 3065 datur
2027 2999 2259 3065 deinde
2319 3000 2512 3083 aliud,
2572 3005 2727 3083 puta
2773 3000 2848 3082 B,
2892 3002 3031 3083 ipso
3078 3000 3140 3063 A

516 3088 860 3170 potentius,
927 3092 990 3151 et
1058 3088 1176 3151 hoc
1234 3088 1302 3150 in
1364 3087 1726 3169 infinitum;
1776 3107 1851 3153 ac
1895 3089 2161 3173 proinde
2205 3092 2484 3174 potentia
2531 3090 2810 3153 hominis
2856 3091 3140 3172 potentia

515 3176 779 3240 alterius
823 3177 917 3243 rei
963 3175 1284 3258 definitur,
1329 3181 1392 3241 et
1436 3196 1473 3241 a
1519 3179 1800 3262 potentia
1832 3198 2173 3243 causarum
2212 3183 2622 3243 externarum
2661 3178 2910 3243 infinite
2949 3197 3140 3263 supe-

516 3269 715 3330 ratur.
764 3262 833 3343 Q.
878 3263 954 3329 E.
1003 3263 1086 3330 D.

1377 3353 2078 3421 PROPOSITIO
2168 3355 2281 3419 IV.

605 3467 777 3531 Fieri
838 3485 965 3532 non
1027 3471 1238 3551 potest,
1295 3473 1370 3531 ut
1411 3465 1586 3532 homo
1630 3488 1753 3533 non
1799 3469 1886 3533 sit
1928 3468 2205 3533 Naturoe
2248 3488 2422 3552 pars,
2467 3474 2526 3533 et
2569 3473 2644 3534 ut
2686 3467 2902 3533 nullas
2943 3469 3141 3552 possit

512 3557 653 3641 pati
718 3558 1111 3639 mutationes,
1176 3555 1304 3619 nisi
1368 3576 1512 3641 quoe
1567 3578 1682 3642 per
1742 3558 1941 3623 solam
2001 3578 2187 3624 suam
2230 3565 2538 3623 naturam
2574 3557 2819 3643 possint
2858 3557 3139 3641 intelliyi,

523 3665 915 3732 quarumque
957 3644 1299 3731 adaequata
1343 3646 1426 3710 sit
1468 3665 1678 3711 causa.

1470 3779 2188 3826 nnmonsrRArro.

603 3846 916 3931 Potentia,
963 3867 1091 3932 qua
1135 3865 1239 3912 res
1283 3849 1664 3931 singulares,
1711 3856 1774 3915 et
1823 3853 2294 3934 consequenter
2341 3850 2529 3913 homo
2577 3869 2769 3914 suum
2810 3867 2949 3913 esse
2987 3868 3135 3912 con-

516 3909 747 4019 servat,
793 3942 888 4002 est
929 3939 1071 4021 ipsa
1115 3934 1237 4001 Dei
1283 3938 1419 4002 sive
1463 3937 1525 4001 N
1527 3945 1730 4003 aturae
1775 3940 2062 4022 potentia
2106 3948 2239 4023 (per
2285 3937 2501 4004 Coroll.
2542 3937 2734 4025 Prop.
2773 3937 2878 4001 24.
2899 3959 2959 4023 p.
2989 3938 3046 4003 1.
3078 3941 3139 4019 ¹,)

515 4045 645 4090 non
694 4031 1017 4110 quatenus
1060 4024 1312 4091 infinita
1356 4032 1470 4109 est,
1515 4027 1627 4093 sed
1675 4034 1997 4111 quatenus
2045 4047 2159 4112 per
2197 4029 2544 4092 humanam
2584 4027 2897 4092 actualem
2923 4046 3135 4092 essen—

515 4116 667 4179 tiam
715 4115 1023 4199 explicari
1068 4119 1277 4198 potest
1320 4120 1458 4200 (per
1502 4113 1697 4200 Prop.
1741 4117 1799 4180 7.
1837 4136 1898 4201 Ρ.
1937 4117 2038 4194 3..)
2085 4115 2380 4181 Potentia
2413 4118 2632 4201 itaque
2656 4118 2953 4198 hominis,
2979 4136 3135 4199 qua-

513 4208 702 4267 tenus
770 4223 884 4288 per
929 4204 1136 4288 ipsius
1183 4205 1498 4268 actualem
1548 4208 1893 4271 essentiam
1942 4206 2319 4290 explicatur,
2366 4226 2513 4291 pars
2559 4210 2657 4271 est
2700 4205 2968 4269 infinitae
3015 4203 3134 4268 Dei

515 4311 631 4357 seu
699 4292 761 4356 N
763 4299 964 4357 aturae
1033 4294 1352 4377 potentiae,
1421 4295 1542 4357 hoc
1603 4301 1700 4360 est
1759 4301 1898 4379 (per
1942 4294 2137 4379 Prop.
2185 4295 2289 4358 34.
2324 4315 2391 4378 Ρ.
2441 4295 2525 4373 1.)
2572 4297 2898 4376 essentiae3
2949 4292 3134 4370 Quod

513 4388 647 4446 erat
715 4383 1013 4466 primum.
1081 4379 1328 4446 Deinde
1391 4384 1446 4446 si
1505 4382 1648 4447 fieri
1694 4389 1912 4468 posset
1935 4381 2009 4467 2),
2056 4389 2129 4448 ut
2173 4385 2363 4448 homo
2409 4385 2622 4449 nullas
2668 4389 2883 4467 posset
2906 4380 2959 4461 2)
3003 4385 3135 4467 pati

514 4472 919 4553 mutationes,
963 4472 1093 4535 nisi
1139 4490 1286 4553 quae
1330 4490 1444 4552 per
1491 4472 1693 4537 solam
1741 4474 1948 4557 ipsius
1993 4473 2270 4537 hominis
2315 4479 2613 4537 naturam
2658 4474 2908 4555 possint
2951 4472 3129 4536 intel-

512 4560 645 4644 ligi,
693 4564 1069 4643 sequeretur
1121 4563 1257 4642 (per
1304 4558 1498 4644 Prop.
1547 4561 1607 4625 4.
1653 4566 1712 4626 et
1759 4562 1818 4626 6.
1861 4581 1923 4646 Ρ.
1972 4562 2076 4645 3.),
2122 4569 2194 4626 ut
2242 4581 2371 4626 non
2418 4567 2634 4646 posset
2655 4558 2707 4639 2)
2751 4564 2976 4646 perire,
3023 4560 3134 4626 sed

511 4655 588 4713 ut
653 4667 902 4733 semper
966 4649 1324 4713 necessario
1394 4652 1731 4732 existeret3
1808 4655 2002 4736 atque
2063 4651 2182 4715 hoc
2243 4653 2437 4735 sequi
2489 4651 2747 4716 deberet
2790 4669 2875 4715 ex
2923 4670 3136 4734 causa,

576 4832 634 4898 1)
668 4832 928 4900 Schmidt,
960 4831 1260 4897 Auerbach,
1292 4832 1516 4900 Bruder,
1551 4832 1796 4900 Si.gwart
1831 4862 1897 4872 -
1931 4834 2024 4886 Ed.
2062 4834 2182 4886 Pru:
2208 4850 2269 4902 Ρ.
2302 4836 2352 4886 2.

578 4899 633 4965 2)
671 4900 766 4951 Ed.
801 4900 888 4951 Pr.
907 4900 1142 4967 :possit
