3609 5642
1355 570 1437 614 nn
1480 568 1809 614 Linum-Aru
1851 569 2127 614 nummii.
2915 547 3039 613 161

420 736 608 821 ylans
672 736 920 803 tardius
984 738 1080 802 vel
1145 735 1404 801 celerius
1468 756 1510 800 a
1571 734 1789 800 Mente
1852 735 2330 819 circumaqatur,
2374 753 2568 819 quam
2625 755 2670 800 a
2713 734 3046 819 spiritibus

424 826 820 907 animalibus,
864 831 923 891 et
966 846 1051 891 an
1098 830 1299 890 motus
1343 825 1737 907 Passionwm,
1782 845 1939 911 quos
1971 824 2176 904 firmis
2208 822 2468 905 judiciis
2504 831 2672 890 arcte
2683 825 3044 908 junximus,

424 934 552 979 non
593 916 835 1000 possint
879 915 955 979 ab
998 916 1218 980 iisdem
1259 917 1492 979 iterum
1534 935 1577 978 a
1621 915 1834 978 causis
1876 914 2183 998 corporeis
2219 912 2503 996 disjunyi
2515 933 2538 991 ‚·
2573 934 2650 978 ex
2689 933 2813 998 quo
2833 933 3045 999 seque-

424 1009 627 1087 retur,
685 1009 774 1087 ut,
818 1006 1104 1090 quamvis
1148 1004 1340 1069 Mens
1385 1003 1652 1086 firmiter
1686 1003 2079 1087 proposuerit
2120 1007 2337 1067 contra
2379 1002 2665 1086 pericula
2708 1002 2818 1086 ire,
2860 1007 3046 1088 atque

428 1093 572 1157 huic
637 1093 876 1158 decreto
940 1097 1140 1158 motus
1206 1093 1488 1157 audacioe
1547 1092 1853 1173 junxerit,
1919 1092 2048 1156 viso
2112 1095 2321 1157 tamen
2378 1091 2655 1174 periculo
2710 1092 2899 1176 qlans
2953 1092 3047 1156 ita

427 1183 871 1266 suspendatur,
929 1187 1005 1247 ut
1064 1182 1253 1247 Mens
1311 1202 1442 1247 non
1500 1181 1633 1246 nisi
1675 1181 1752 1245 de
1795 1180 1962 1264 fuya
2004 1180 2197 1263 possit
2239 1180 2545 1262 coqitare,·
2589 1186 2651 1246 et
2691 1200 2861 1263 sane,
2904 1200 3047 1246 cum
3115 1221 3121 1236 ι

427 1270 612 1338 nulm
679 1271 863 1336 detur
923 1273 1087 1337 ratio
1146 1272 1487 1335 voluntatis
1547 1268 1633 1333 ad
1674 1274 1928 1353 motum,
1971 1268 2154 1334 nulla
2198 1269 2384 1334 etiam
2430 1269 2628 1334 datur
2670 1270 3047 1354 comparatio

428 1362 594 1425 inter
661 1359 902 1425 Mentis
968 1366 1028 1426 et
1095 1359 1386 1444 Corporis
1451 1359 1786 1444 potentiam
1847 1378 1956 1422 seu
2012 1360 2211 1436 vires;
2271 1362 2330 1422 et
2372 1365 2809 1445 consequenter
2852 1359 3046 1441 hujus

422 1450 592 1514 vires
631 1470 1056 1554 nequaquam
1070 1449 1313 1515 viribus
1353 1448 1529 1513 illius
1574 1447 1985 1512 determinari
2025 1453 2306 1530 possunt.
2350 1445 2478 1512 His
2515 1447 2693 1531 adde,
2733 1448 2901 1533 quod
2935 1467 3048 1513 nec

428 1538 559 1603 hoec
621 1538 808 1624 qlans
876 1540 970 1603 ita
1029 1540 1103 1603 in
1160 1538 1358 1603 medio
1416 1536 1655 1603 cerebro
1715 1537 1841 1600 sita
1896 1537 2269 1620 reperiatur,
2312 1542 2387 1600 ut
2431 1541 2561 1603 tam
2605 1536 2797 1620 facile
2838 1542 3046 1624 totque

428 1626 626 1693 modis
692 1627 1029 1709 circumayi
1088 1629 1299 1711 possit,
1364 1631 1423 1692 et
1480 1625 1649 1712 quod
1704 1645 1833 1690 non
1891 1645 2100 1691 omnes
2159 1625 2338 1689 nervi
2382 1625 2470 1691 ad
2510 1627 2807 1691 cavitates
2850 1646 3047 1712 usque

425 1716 659 1782 cerebri
712 1716 1191 1801 protendantur.
1252 1714 1539 1801 Denique
1596 1715 1825 1796 omnia,
1883 1734 2027 1800 quae
2086 1714 2160 1779 de
2199 1714 2516 1779 voluntate
2560 1717 2819 1802 ejusque
2863 1714 3045 1781 liber-

427 1810 556 1870 tate
614 1806 855 1889 asserit,
914 1806 1141 1889 omitto,
1192 1804 1689 1892 quandoquidem
1733 1802 1862 1867 haec
1907 1803 2082 1888 falsa
2124 1823 2251 1867 esse
2293 1804 2449 1868 satis
2492 1823 2804 1888 superque
2846 1810 3047 1870 osten—

427 1894 915 1977 derim.19itur
973 1895 1125 1981 quia
1170 1894 1409 1959 Mentis
1449 1893 1746 1978 potentia,
1791 1896 1868 1957 ut
1910 1911 2114 1976 supra
2158 1893 2416 1974 ostendi,
2461 1894 2595 1958 sola
2635 1893 3049 1978 intelliqentid

428 1982 755 2065 definitur,
799 1984 1160 2069 affectum
1203 1983 1493 2066 remedia,
1529 2001 1672 2067 quoe
1705 2001 1911 2046 omnes
1948 1982 2224 2065 caperiri
2260 1981 2528 2066 quidem,
2565 1982 2676 2047 sed
2711 2003 2842 2048 non
2863 2003 3046 2049 accu-

428 2079 568 2137 rate
625 2072 949 2138 observare
1004 2093 1115 2138 nec
1173 2072 1460 2138 distincte
1517 2071 1724 2136 videre
1767 2070 1963 2153 credo,
2006 2070 2140 2136 sola
2185 2069 2425 2136 Mentis
2467 2071 2807 2156 coqnitione
2852 2073 3047 2137 deter-

430 2161 824 2245 minabimus,
867 2167 927 2227 et
968 2183 1044 2227 ex
1085 2162 1297 2228 eadem
1337 2160 1452 2226 illa
1496 2161 1723 2243 omnia,
1767 2179 1909 2245 quae
1944 2159 2032 2225 ad
2065 2159 2268 2244 ipsius
2292 2160 2733 2227 beatitudinem
2752 2167 3049 2247 spectant,

427 2251 813 2316 deducemus.

1423 2340 1485 2403 A
1504 2337 1572 2402 X
1594 2338 1628 2402 I
1651 2336 1705 2402 Ο
1733 2337 1800 2401 Μ
1823 2339 1885 2401 A
1907 2338 1956 2401 Τ
1977 2338 2055 2401 Α.

513 2452 564 2516 I.
626 2451 695 2518 Si
754 2454 823 2517 in
868 2452 1091 2518 eodem
1139 2450 1422 2534 subjecto
1470 2452 1613 2516 duee
1656 2452 1993 2516 contrariae
2038 2453 2321 2517 actiones
2368 2454 2748 2537 excitentur,
2794 2453 3049 2520 debebit

429 2544 789 2694 ἓὲἕῗῖεέἓὲο
815 2542 958 2696 θζΞΙΘ
982 2543 1051 2605 in
1100 2545 1389 2625 utraque,
1434 2542 1536 2606 vel
1581 2542 1651 2603 in
1698 2559 1828 2605 una
1874 2541 2012 2605 sola
2056 2542 2324 2605 mutatio
2345 2539 2503 2625 fieri,
2526 2542 2729 2607 donec
2753 2542 3048 2608 desinant

512 2718 596 2783 Π.
665 2718 945 2784 Effectus
1011 2720 1294 2803 potentia
1340 2718 1643 2783 definitur
1685 2720 1969 2802 potentia
2010 2721 2218 2803 ipsius
2264 2737 2493 2801 causae,
2540 2724 2859 2803 quatenus
2904 2722 3046 2804 ejus

367 2806 375 2817 '
424 2810 703 2874 essentia
748 2828 861 2894 per
908 2809 1111 2893 ipsius
1158 2826 1371 2873 causae
1418 2808 1757 2872 essentiam
1802 2807 2162 2892 explicatur
2205 2808 2309 2874 vel
2355 2807 2670 2873 definitur.

514 2896 699 2963 Patet
743 2898 863 2962 hoc
909 2898 1188 2962 Axioma
1233 2915 1316 2963 ex
1362 2896 1549 2980 Prop.
1599 2897 1655 2960 7.
1701 2896 1870 2961 Part.
1919 2898 1976 2960 3.

1321 3031 2017 3099 PROPOSITIO
2106 3034 2156 3098 Ι.

516 3146 722 3212 Prout
789 3147 1196 3232 coqitationes,
1261 3166 1592 3232 rerumque
1655 3147 1826 3230 ideoe,
1893 3148 2278 3212 ordinantur
2336 3152 2398 3212 et
2441 3153 2931 3214 concatenantur
2976 3151 3046 3215 in

427 3237 664 3320 Mente,
727 3237 821 3303 ita
890 3236 1183 3322 Corporis
1248 3237 1624 3339 affectiones,
1686 3256 1795 3300 seu
1856 3255 2069 3301 rerum
2113 3234 2428 3319 imaqines,
2471 3238 2559 3303 ad
2602 3239 2902 3304 amussim
2947 3259 3047 3304 or-

428 3327 746 3392 dinantur
793 3331 853 3392 et
896 3331 1389 3392 concatenantur
1430 3325 1502 3390 in
1549 3324 1835 3410 Corpore.

1380 3458 2101 3504 DRHONSTRATIO.

518 3539 689 3606 Ordo
758 3546 821 3607 et
888 3544 1204 3607 connexio
1271 3542 1560 3606 idearum
1618 3540 1786 3606 idem
1850 3544 1947 3605 est
1993 3542 2127 3624 (per
2170 3537 2364 3620 Prop.
2413 3539 2473 3604 7.
2506 3562 2575 3625 p.
2620 3541 2728 3625 2.),
2771 3561 2846 3608 ac
2892 3542 3048 3606 ordo

431 3635 494 3697 et
559 3633 876 3695 connexio
941 3650 1177 3713 rerum,
1244 3635 1308 3696 et
1373 3631 1514 3696 vice
1581 3649 1767 3695 versa
1811 3630 1965 3694 ordo
2011 3633 2074 3695 et
2118 3631 2432 3695 connexio
2477 3649 2689 3695 rerum
2737 3630 2907 3695 idem
2952 3635 3050 3696 est

432 3724 566 3804 (per
614 3718 833 3785 Coroll.
881 3718 1070 3805 Prop.
1119 3720 1177 3783 6.
1222 3725 1281 3784 et
1328 3717 1385 3783 7.
1421 3738 1489 3803 p.
1537 3717 1641 3801 2.),
1687 3738 1761 3782 ac
1806 3720 1963 3784 ordo
2010 3723 2074 3783 et
2117 3719 2434 3785 connexio
2471 3719 2778 3784 idearum.
2819 3718 3051 3802 Quare,

433 3810 622 3874 sicuti
691 3807 846 3873 ordo
916 3813 978 3875 et
1047 3809 1362 3874 connexio
1425 3808 1714 3872 idearum
1761 3809 1832 3871 in
1877 3806 2090 3872 Mente
2133 3807 2209 3871 fit
2253 3808 2605 3873 secundum
2653 3809 2943 3874 ordinem
2987 3814 3051 3874 et

431 3898 1016 3963 concatenationem
1085 3898 1491 3963 affectionum
1563 3894 1859 3980 Corporis
1927 3899 2061 3981 (per
2105 3895 2300 3977 Prop.
2347 3895 2451 3960 18.
2486 3917 2554 3982 p.
2602 3896 2703 3977 2.),
2771 3899 2863 3962 sic
2909 3899 3051 3963 vice

431 4006 615 4052 versa
680 3990 815 4071 (per
858 3985 1046 4071 Pr0p.
1094 3987 1152 4050 2.
1197 4006 1259 4067 p.
1306 3985 1390 4064 3.)
1458 3985 1612 4049 ordo
1681 3989 1745 4050 et
1803 3988 2120 4051 connexio
2169 3986 2570 4051 affectionum
2619 3985 2915 4071 Corporis
2959 3985 3050 4069 fit,

428 4080 621 4161 prout
687 4077 1119 4159 cogitationes„
1185 4093 1536 4158 rerumque
1598 4074 1783 4157 ideae,
1850 4075 2229 4140 ordinantur
2293 4079 2357 4140 et
2422 4078 2922 4141 concatenantur
2978 4078 3049 4139 in

430 4164 663 4231 Mente.
715 4162 784 4244 Q.
829 4163 906 4228 E.
952 4162 1034 4228 D.

1300 4249 1996 4317 PROPOSITIO
2087 4251 2171 4316 Π.

519 4366 591 4435 si
656 4367 859 4432 animi
924 4366 1376 4432 commotionem
1439 4384 1550 4430 seu
1615 4364 1900 4444 affectum
1968 4386 2010 4429 a
2074 4383 2281 4428 causae
2347 4368 2619 4429 externae
2683 4365 3048 4450 coyitatione

427 4476 837 4538 amoveamus,
881 4460 939 4520 et
979 4456 1123 4521 aliis
1156 4456 1508 4540 junyamus
1551 4452 2031 4537 coqitationibus‚
2075 4459 2205 4517 tum
2248 4452 2448 4517 Amor
2490 4473 2597 4517 seu
2647 4452 2873 4520 Odium
2894 4474 3045 4538 erqa

428 4565 680 4611 causam
725 4551 1065 4628 eceternam,
1108 4549 1180 4608 ut
1222 4551 1279 4609 et
1321 4544 1523 4608 animi
1561 4542 2019 4627 fluctuationes,
2062 4562 2202 4630 quoe
2237 4561 2313 4606 ex
2350 4541 2450 4606 his
2483 4543 2813 4627 affectibus
2833 4544 3048 4609 oriun-

428 4641 558 4720 tur,
601 4635 1021 4701 destruentur.

1383 4740 2089 4787 nnuousrnxr1o.

519 4823 597 4888 Id
658 4826 848 4907 enim,
910 4823 1084 4909 quod
1143 4823 1410 4888 formam
1468 4824 1726 4888 Amoris
1769 4823 1877 4888 vel
1923 4819 2070 4886 Odii
2115 4821 2464 4905 constituit,
2508 4825 2606 4887 est
2650 4821 2903 4888 Laetitia
2945 4822 3050 4887 vel

435 4913 733 4997 Tristitia,
779 4915 1244 4979 concomitante
1288 4913 1429 4977 idea
1474 4931 1686 4977 causae
1732 4917 2018 4978 externae
2064 4907 2198 4996 (per
2240 4907 2454 4992 Defin.
2501 4911 2559 4975 6.
2597 4918 2655 4977 et
2692 4911 2752 4976 7.
2774 4911 2990 4992 Affect.
2993 4914 3045 4993 );

2781 5020 2844 5073 11
