3609 5642
519 494 605 557 42
1547 510 1794 556 mmcrs
1841 509 1997 555 mss
2041 510 2108 554 11.

517 678 830 763 afficitur,
898 679 1204 744 involvere
1261 678 1429 743 dabat
1488 681 1795 742 naturam
1844 675 2139 761 Corporis
2182 675 2464 760 humani,
2507 680 2566 740 et
2608 675 2794 740 aimid
2842 680 3144 741 nomam

517 770 794 852 corporis
836 770 1095 834 externi.

1486 874 2214 921 nnuonsrnar1o

607 955 848 1023 Omnes
914 962 1086 1024 enim
1145 958 1333 1039 modi,
1380 957 1619 1042 quibus
1667 976 1901 1042 corpus
1948 957 2209 1041 aliquod
2257 953 2554 1038 afficitur,
2599 973 2683 1019 ex
2730 959 2962 1020 natura.
3006 975 3143 1020 cor-

516 1049 690 1129 poris
758 1047 982 1129 affecti‚
1050 1052 1112 1113 et
1181 1048 1376 1112 simul
1435 1066 1519 1112 ex
1577 1051 1812 1111 natura
1873 1047 2157 1129 corporis
2202 1043 2538 1110 afficientis
2584 1049 2951 1128 sequuntur
2996 1046 3145 1129 (per

515 1135 759 1202 Aoeiom.
809 1137 866 1200 1.
909 1141 1063 1220 post.
1113 1135 1331 1202 Coroll.
1378 1134 1548 1201 Lem.
1596 1136 1711 1218 3.):
1753 1154 1954 1220 quare
1991 1154 2213 1200 eorum
2252 1134 2396 1198 idea
2433 1137 2583 1218 (par
2618 1134 2862 1199 Axiom.
2888 1134 3033 1218 4.p.
3060 1135 3143 1213 1.)

517 1227 860 1310 utriusque
927 1229 1211 1311 corporis
1271 1230 1567 1290 naturam
1628 1225 1990 1291 necessario
2035 1225 2358 1303 involvet3
2407 1223 2694 1307 adeoque
2739 1222 2883 1288 idea
2926 1225 3143 1307 cujus-

517 1334 774 1400 cunque
827 1315 1020 1398 modi,
1066 1334 1197 1399 quo
1245 1314 1491 1398 Corpus
1536 1314 1895 1379 humanum
1944 1334 1983 1378 a
2028 1331 2291 1397 corpore
2335 1316 2605 1377 externo
2651 1311 2946 1397 afficitur,
2991 1312 3141 1377 Cor·

514 1406 690 1488 poris
735 1405 1000 1469 humani
1044 1411 1107 1469 et
1153 1405 1436 1488 corporis
1482 1405 1735 1469 externi
1778 1409 2077 1469 naturam
2122 1402 2411 1467 involvit.
2463 1398 2530 1480 Q.
2576 1400 2656 1466 Ε.
2702 1397 2785 1466 D.

1439 1535 2083 1582 coRoLLAmuu
2169 1515 2220 1580 L

601 1618 772 1684 Hinc
817 1603 1114 1702 sequitur
1158 1620 1386 1701 primo,
1429 1616 1710 1682 Mentem
1751 1618 2099 1682 humanam
2138 1617 2565 1701 plurimorum
2589 1636 2928 1701 corporum
2952 1620 3140 1681 natu-

518 1728 652 1773 ram
701 1727 833 1773 una
878 1727 1028 1772 cum
1073 1709 1179 1773 sui
1225 1708 1508 1791 corporis
1556 1712 1788 1772 natura
1831 1708 2176 1792 percipere.

1411 1838 2062 1885 OOROLLARIUM
2150 1818 2233 1883 II.

604 1920 912 2006 Sequitur
958 1921 1262 2003 secunde,
1304 1920 1480 2004 quod
1524 1920 1709 2004 ideae,
1754 1940 1919 2004 quas
1963 1939 2302 2004 corporum
2350 1925 2767 1986 externorum
2814 1917 3140 1999 habemus,

516 2012 720 2094 magis
803 2012 1008 2075 nostri
1088 2011 1372 2095 corporis
1454 2012 1977 2075 constitutionem
2049 2029 2244 2094 quam
2315 2028 2657 2094 corporum
2726 2013 3139 2074 externorum

515 2105 811 2164 naturam
879 2101 1199 2181 indicant3
1266 2098 1439 2183 quod
1497 2099 1568 2162 in
1626 2099 2001 2184 Appendice
2045 2101 2245 2184 partis
2290 2101 2516 2183 primae
2562 2098 2783 2163 multis
2829 2097 3141 2182 exemplis

515 2190 814 2273 explicui.

1323 2274 2022 2341 PROPOSITIO
2114 2275 2330 2340 XVII.

604 2387 678 2454 Si
719 2387 1070 2454 humanum
1117 2389 1359 2475 Corpus
1403 2389 1691 2470 affectum
1735 2395 1829 2455 eat
1863 2390 2057 2475 modo,
2092 2391 2204 2477 qui
2224 2393 2530 2455 natwam
2555 2388 2849 2474 Corporis
2869 2388 3142 2473 alicujus

517 2480 760 2544 externi
818 2477 1089 2563 involvit,
1148 2479 1342 2545 Mena
1385 2478 1669 2544 humana
1711 2479 1876 2544 idem
1919 2499 2145 2566 corpus
2189 2484 2510 2545 externum
2553 2484 2626 2543 ut
2667 2485 2813 2544 actu
2858 2478 3141 2561 existens,

513 2568 609 2633 vel
654 2574 722 2633 ut
774 2568 896 2635 sibi
932 2587 1214 2653 proesans
1258 2569 1785 2653 contemplabitur,
1828 2569 2017 2635 donec
2063 2567 2309 2655 Corpus
2353 2568 2687 2652 afficiatur
2730 2569 2982 2653 affectu,
3030 2568 3142 2655 qui

514 2657 789 2742 ejusdem
832 2658 1106 2742 corporis
1155 2658 1541 2724 existentiam
1583 2658 1681 2724 vel
1717 2659 2125 2744 praesentiam
2167 2659 2462 2725 secludat.

1483 2790 2183 2837 DEMONSTRA'HO

603 2876 792 2955 patet.
858 2871 1024 2937 Nam
1094 2872 1401 2957 quamdiu
1475 2870 1722 2956 Corpus
1790 2874 2145 2937 humanum
2217 2874 2311 2937 sic
2378 2872 2677 2937 affectum
2737 2874 2851 2953 est,
2891 2869 3141 2935 tamdiu

516 2960 701 3026 Mens
769 2963 1050 3026 humana
1117 2967 1267 3046 (per
1311 2960 1509 3046 Prop.
1557 2961 1662 3025 12.
1706 2960 1923 3046 hujus)
1983 2961 2150 3026 hanc
2210 2963 2497 3045 corporis
2543 2960 2940 3026 affectionem
2990 2977 3140 3023 con-

516 3050 958 3135 templabitur3
1030 3050 1152 3116 hoc
1220 3055 1317 3116 est
1383 3057 1537 3135 (per
1579 3049 1778 3135 Prop.
1821 3050 2107 3134 praeced.)
2164 3051 2375 3116 ideam
2438 3049 2698 3115 habebit
2760 3049 2932 3113 modi
2990 3052 3138 3112 actu

516 3141 873 3223 existentis,
920 3159 1069 3225 quae
1117 3145 1412 3205 naturam
1458 3141 1740 3223 corporis
1785 3142 2037 3205 externi
2082 3140 2388 3221 involvit3
2437 3141 2559 3205 hoc
2604 3144 2702 3204 est
2738 3139 2965 3220 ideam,
2990 3156 3141 3221 quae

514 3231 922 3294 existentiam
985 3230 1087 3294 vel
1132 3230 1540 3314 praesentiam
1585 3238 1836 3294 naturae
1882 3231 2165 3314 corporis
2211 3231 2465 3295 externi
2508 3248 2641 3293 non
2688 3227 2977 3309 secludit,
3028 3226 3141 3292 sed

514 3320 728 3403 ponit;
780 3319 1067 3403 adeoque
1113 3317 1297 3383 Mens
1343 3323 1363 3398 (
1376 3337 1493 3403 per
1540 3317 1757 3384 Coroll.
1803 3319 1863 3382 1.
1907 3318 2188 3403 proecad.)
2226 3338 2462 3403 corpus
2501 3323 2841 3383 externum
2883 3323 2956 3380 ut
2993 3319 3140 3380 actu

515 3409 818 3490 existens,
863 3408 962 3473 vel
1011 3414 1085 3473 ut
1129 3427 1416 3493 praesens
1462 3408 2016 3493 contemplabitur,
2064 3409 2266 3473 donec
2313 3407 2629 3473 afficiatur
2674 3412 2789 3473 etc.
2833 3403 2901 3485 Q.
2938 3403 3018 3469 E.
3057 3403 3144 3469 D.

605 3609 789 3674 Mens
858 3627 1123 3693 corpora
1181 3615 1464 3692 externa,
1493 3540 1590 3675 CaO
1611 3540 1850 3694 {uibus
1860 3540 2161 3695 Agogxuig.
2193 3611 2549 3675 humanum
2597 3609 2796 3674 semel
2843 3606 3141 3671 affectum

514 3697 655 3781 fuit,
722 3701 1020 3783 quamvis
1089 3696 1223 3762 non‘
1289 3700 1573 3765 existant
1638 3718 1759 3764 nec
1826 3701 2174 3784 praesentia
2240 3702 2388 3783 sint,
2450 3697 2867 3782 contemplari
2924 3700 3138 3760 tamen

516 3789 764 3872 poterit,
809 3789 987 3853 velut
1030 3791 1375 3872 praesentia
1420 3793 1650 3854 essent.

1472 3908 2190 3954 DEMONSTRATIQ

605 3975 776 4042 Dum
846 3996 1110 4061 corpora
1176 3982 1443 4043 externa
1511 3977 1808 4062 Corporis
1868 3980 2135 4043 humani
2181 3982 2391 4062 partes
2434 3976 2669 4041 fluidas
2714 3978 2805 4041 ita
2845 3974 3141 4040 determi-

518 4073 695 4149 nant,
742 4070 815 4131 ut
874 4068 945 4129 in
991 4066 1314 4132 molliores
1361 4086 1533 4151 saepe
1575 4069 1952 4152 impingant,
1998 4087 2219 4133 earum
2265 4069 2457 4152 plana
2503 4069 2654 4150 (per
2698 4063 2867 4131 Post.
2893 4065 2974 4145 5.)
2999 4084 3139 4128 mu-

518 4160 689 4236 tant3
746 4154 920 4220 unde
962 4155 1035 4219 fit
1080 4155 1236 4235 (vide
1280 4155 1526 4221 Axiom.
1571 4156 1631 4221 2.
1675 4162 1814 4241 post
1861 4155 2078 4223 Coroll.
2124 4156 2295 4221 Lem.
2340 4156 2421 4238 3.)
2469 4162 2542 4219 ut
2586 4154 2736 4219 inde
2781 4154 2903 4218 alio
2950 4153 3138 4217 modo

517 4243 928 4309 reflectantur
997 4264 1189 4328 quam
1259 4251 1446 4311 antea
1516 4245 1824 4330 solebant,
1884 4251 1947 4311 et
2005 4251 2078 4311 ut
2137 4247 2328 4310 etiam
2392 4248 2629 4329 postea,
2674 4244 2902 4308 iisdem
2950 4243 3139 4306 novis

518 4333 728 4417 planis
795 4337 1146 4417 spontaneo
1216 4354 1336 4399 suo
1398 4340 1576 4399 motu
1632 4335 2044 4417 occurrendo,
2089 4335 2308 4400 eodem
2358 4333 2549 4398 modo
2592 4331 3020 4414 reflectantur,
3064 4350 3138 4395 ac

518 4442 668 4486 cum
737 4443 775 4487 a
819 4421 1192 4506 corporibus
1237 4425 1522 4488 externis
1571 4443 1796 4490 versus
1842 4425 1954 4489 illa
1999 4425 2188 4508 plana
2231 4425 2528 4508 impulsae
2575 4426 2760 4503 sunt3
2809 4426 3138 4497 etffconse-

520 4518 806 4596 quenter,
853 4516 929 4576 ut
973 4510 1219 4596 Corpus
1263 4514 1641 4597 humanum,
1689 4514 1841 4578 dum
1889 4515 1983 4578 sic
2025 4511 2282 4578 reflexae
2325 4513 2567 4578 moveri
2590 4516 2887 4597 pergunt,
2912 4508 3134 4575 eodem

519 4601 707 4665 modo
768 4599 1065 4680 afficiant,
1128 4600 1207 4665 de
1269 4621 1400 4684 quo
1444 4600 1630 4667 Mens
1675 4603 1824 4686 (per
1867 4600 2056 4686 Prop.
2105 4602 2206 4666 12.
2253 4599 2468 4685 hujus)
2513 4604 2751 4667 iterum
2798 4598 3136 4684 cogitabit3

519 4691 640 4755 hoc
685 4695 782 4756 est
828 4695 851 4768 (
865 4709 980 4773 por
1023 4688 1217 4774 Prop.
1265 4690 1367 4755 17.
1413 4689 1644 4775 hujus),
1690 4691 1875 4757 Mens
1920 4693 2156 4756 iterum
2201 4709 2435 4774 corpus
2481 4694 2818 4756 externum
2865 4693 2937 4753 ut
2971 4707 3137 4772 prae-

519 4799 668 4845 sens
735 4779 1301 4862 contemplabitur3
1374 4785 1436 4845 et
1503 4781 1623 4845 hoc
1692 4783 1898 4862 toties,
1960 4782 2211 4863 quoties
2272 4778 2568 4865 Corporis
2612 4779 2882 4844 humani
2925 4782 3137 4862 partes

517 4868 757 4934 fluidae
823 4873 1173 4953 spontaneo
1242 4888 1360 4934 suo
1423 4875 1603 4935 motu
1639 4869 1867 4936 iisdem
1911 4871 2121 4953 planis
2166 4874 2518 4935 occurrent.
2566 4866 2795 4952 Quare,
2841 4867 3140 4953 quamvis
