3609 5642
579 533 662 596 20
1621 548 1870 594 mmons
1909 548 2063 594 PAns
2105 550 2145 593 1,

577 718 782 783 ullum
830 718 969 784 dari
1012 717 1410 784 intellectum
1455 718 1770 802 potenti&
1820 716 1953 801 sed,
1997 718 2152 801 quia
2197 736 2451 783 omnem
2498 716 2939 783 confusionem
2986 719 3190 781 vitare

573 810 780 892 cupio,
823 809 1007 873 nolui
1050 808 1247 892 loqui,
1289 808 1418 872 nisi
1456 806 1535 873 de
1578 824 1649 871 re
1694 805 1881 870 nobis
1923 825 2121 890 quam
2167 806 2519 873 clarissime
2568 811 2879 891 percepta,
2924 805 3003 871 de
3051 808 3194 891 ipsa

575 897 816 962 scilicet
881 898 1327 981 intellectione,
1395 916 1522 980 qua
1589 895 1749 959 nihil
1815 894 2000 960 nobis
2067 896 2304 960 clarius
2373 898 2736 981 percipitur.
2793 894 2974 959 Nihil
3018 896 3189 960 enim

572 986 922 1069 intelligere
987 1005 1351 1072 possumus,
1420 984 1594 1069 quod
1652 985 1735 1049 ad
1777 983 2218 1069 perfectiorem
2264 985 2716 1051 intellectionis
2759 985 3188 1070 cognitionem

576 1094 707 1139 non
753 1075 1084 1141 conducat.

1346 1183 2045 1252 PROPOSITIO
2134 1184 2422 1250 XXXII.

675 1313 980 1380 Voluntas
1019 1331 1151 1377 non
1188 1316 1390 1393 potest
1430 1311 1640 1377 vocari
1679 1330 1877 1375 causa
1918 1309 2130 1394 libera,
2172 1311 2280 1377 sed
2322 1316 2571 1376 tantum
2612 1311 2983 1376 necessaria.

1536 1443 2247 1490 DEMONSTBATIQ

664 1527 983 1593 Voluntas
1067 1532 1280 1593 certus
1346 1531 1595 1591 tantum
1665 1526 1986 1610 cogitandi
2055 1526 2285 1592 modus
2352 1532 2466 1609 est,
2533 1527 2724 1591 sicuti
2791 1524 3189 1603 intellectus;

577 1617 864 1701 adeoque
909 1620 930 1695 (
942 1635 1058 1696 per
1104 1615 1298 1697 Prop.
1341 1615 1468 1695 28.)
1517 1633 1926 1699 unaquaeque
1971 1615 2192 1680 volitio
2236 1635 2368 1680 non
2408 1620 2615 1701 potest
2651 1616 2944 1697 existere,
2982 1632 3196 1697 neque

577 1706 657 1771 ad
725 1706 1119 1791 operandum
1189 1705 1613 1786 determinari,
1682 1706 1811 1768 nisi
1877 1703 1957 1768 ab
2019 1704 2146 1769 alia
2187 1724 2381 1770 causa
2429 1705 2908 1785 determinetur,
2951 1708 3014 1768 et
3058 1704 3195 1766 haec

575 1815 802 1861 rursus
869 1794 949 1860 ab
1019 1795 1164 1877 alia,
1230 1800 1294 1860 et
1359 1796 1453 1858 sic
1511 1812 1698 1878 porro
1758 1795 1828 1856 in
1873 1791 2220 1858 infinitum.
2267 1792 2455 1870 Quod
2501 1794 2558 1858 si
2601 1793 2900 1858 voluntas
2943 1790 3197 1856 infinita

575 1891 991 1968 supponatur,
1056 1883 1245 1949 debet
1309 1885 1501 1949 etiam
1567 1882 1647 1947 ad
1693 1881 2105 1948 existendum
2151 1887 2215 1948 et
2259 1883 2652 1968 operandum
2700 1881 3110 1948 determinari
3157 1901 3195 1944 a

575 1972 731 2056 Deo,
773 1992 905 2037 non
953 1978 1273 2057 quatenus
1320 1970 1676 2037 substantia
1720 1970 2011 2036 absolute
2054 1970 2306 2036 infinita
2350 1977 2465 2055 est,
2508 1972 2620 2037 sed
2660 1975 2980 2055 quatenus
3019 1971 3193 2034 attri-

577 2061 807 2127 butum
873 2061 1082 2144 habet,
1149 2061 1324 2146 quod
1383 2060 1700 2125 infinitam
1772 2067 1837 2125 et
1895 2066 2197 2125 aeternam
2244 2061 2645 2145 cogitationis
2689 2062 3031 2126 essentiam
3080 2077 3194 2124 ex-

576 2153 795 2236 primit
855 2154 1001 2235 (per
1045 2149 1238 2232 Prop.
1285 2150 1432 2230 23.).
1491 2148 1917 2234 Quocumque
1961 2150 2159 2233 igitur
2203 2149 2414 2231 modo,
2457 2151 2594 2214 sive
2639 2148 2820 2214 finita
2867 2150 3004 2215 sive
3050 2147 3192 2211 infi-

573 2242 727 2325 nita,
772 2242 1190 2324 concipiatur,
1232 2258 1488 2305 causam
1536 2240 1825 2322 requirit,
1869 2258 1907 2301 a
1954 2258 2084 2322 qua
2127 2238 2207 2303 ad
2250 2238 2661 2305 existendum
2699 2244 2763 2304 et
2798 2238 3191 2322 operandum

576 2328 1067 2410 determinetur3
1137 2328 1426 2413 adeoque
1493 2332 1641 2412 (per
1706 2325 1921 2410 Defin.
1981 2327 2061 2409 7.)
2124 2347 2252 2392 non
2315 2333 2521 2413 potest
2565 2328 2692 2391 dici
2736 2347 2931 2393 causa
2974 2325 3196 2408 libera,

575 2419 687 2485 sed
731 2424 984 2483 tantum
1029 2419 1388 2484 necessaria
1433 2419 1537 2483 vel
1582 2422 1816 2481 coacta.
1865 2415 1935 2495 Q.
1977 2415 2059 2481 E.
2104 2415 2187 2482 D.

1500 2548 2144 2594 oononnAn1un
2230 2550 2271 2594 L

520 2638 539 2653 “’
662 2630 835 2696 Hinc
880 2634 1175 2716 sequitur
1215 2627 1313 2712 1⁰.,
1356 2628 1566 2695 Deum
1612 2649 1742 2694 non
1789 2631 2038 2715 operari
2084 2649 2167 2695 ex
2211 2630 2500 2697 libertate
2544 2629 2910 2694 voluntatis.

1478 2761 2125 2807 OOROLLARIUM
2211 2763 2274 2807 Π.

663 2843 970 2929 Sequitur
1034 2842 1166 2927 11⁰„
1233 2844 1626 2907 voluntatem
1700 2848 1763 2908 et
1829 2843 2224 2909 intellectum
2283 2844 2363 2908 ad
2409 2842 2531 2909 Dei
2575 2850 2871 2909 naturam
2917 2845 3008 2908 ita
3052 2861 3194 2908 sese

573 2934 823 3017 habere,
881 2940 955 2999 ut
1021 2940 1235 2998 motus
1295 2939 1358 2997 et
1404 2934 1607 3017 quies,
1652 2939 1715 2998 et
1759 2933 2052 2998 absolute
2097 2937 2170 2997 ut
2215 2934 2429 2997 omnia
2474 2934 2806 3014 naturalia,
2854 2953 2998 3018 quae
3041 2937 3194 3012 (per

575 3022 770 3107 Prop.
817 3024 947 3102 29.)
993 3042 1031 3088 a
1072 3021 1208 3088 Deo
1254 3022 1335 3086 ad
1381 3021 1787 3087 existendum
1836 3028 1898 3087 et
1942 3022 2332 3106 operandum
2371 3028 2542 3087 certo
2568 3023 2756 3088 modo
2781 3022 3192 3087 determinari

574 3113 822 3177 debent.
868 3111 1033 3177 Nam
1082 3111 1397 3193 voluntas,
1445 3116 1518 3176 ut
1560 3111 1812 3196 reliqua
1856 3114 2091 3194 omnia,
2135 3130 2330 3176 causa
2372 3111 2634 3196 indiget,
2673 3132 2712 3176 a
2750 3131 2879 3196 qua
2914 3111 2995 3176 ad
3020 3113 3191 3176 exis-

572 3201 839 3267 tendum
906 3207 970 3268 et
1014 3200 1404 3286 operandum
1451 3206 1621 3265 certo
1670 3200 1859 3265 modo
1906 3200 2380 3266 determinetur.
2423 3199 2524 3284 Et,
2572 3202 2868 3285 quamvis
2915 3220 2999 3265 ex
3044 3199 3193 3264 data

572 3290 900 3355 voluntate
943 3291 1080 3356 sive
1121 3290 1450 3355 intellectu
1495 3288 1747 3353 infinita
1792 3295 2164 3374 sequantur,
2210 3309 2338 3354 non
2384 3296 2595 3355 tamen
2636 3296 2969 3375 propterea
3012 3287 3193 3354 Deus

574 3381 777 3464 magis
837 3379 964 3443 dici
1007 3384 1214 3463 potest
1259 3397 1342 3443 ex
1387 3376 1680 3443 libertate
1725 3379 2075 3443 voluntatis
2121 3396 2327 3463 agere,
2370 3398 2561 3463 quam
2607 3385 2863 3464 propter
2907 3398 3001 3460 ea,
3046 3398 3192 3461 quoe

573 3486 657 3533 ex
725 3472 902 3532 motu
963 3474 1028 3534 et
1072 3469 1286 3552 quiete
1332 3472 1696 3551 sequuntur
1738 3465 2012 3546 (infinita
2057 3469 2228 3533 enim
2277 3486 2361 3532 ex
2408 3469 2508 3533 his
2553 3469 2746 3534 etiam
2786 3473 3192 3552 sequuntur),

573 3557 700 3622 dici
744 3561 950 3641 potest
994 3575 1076 3622 ex
1120 3555 1411 3620 libertate
1457 3562 1670 3620 motus
1716 3562 1779 3620 et
1826 3557 2062 3639 quietis
2110 3575 2313 3640 agere.
2360 3555 2576 3633 Quare
2609 3557 2908 3621 voluntas
2948 3557 3030 3621 ad
3068 3555 3194 3622 Dei

570 3651 865 3711 naturam
935 3664 1063 3709 non
1134 3646 1336 3729 magis
1402 3646 1691 3728 pertinet,
1753 3664 1946 3728 quam
2007 3645 2257 3730 reliqua
2316 3646 2653 3729 naturalia,
2702 3646 2814 3711 sed
2859 3645 2939 3710 ad
2983 3646 3190 3731 ipsam

572 3736 792 3801 eodem
862 3734 1049 3798 modo
1117 3752 1257 3800 sese
1325 3733 1534 3813 habet,
1598 3737 1670 3797 ut
1731 3740 1945 3798 motus
2007 3739 2070 3798 et
2117 3736 2318 3818 quies,
2365 3742 2430 3800 et
2473 3736 2689 3800 omnia
2733 3735 3001 3819 reliqua,
3046 3754 3191 3818 quae

571 3825 968 3890 ostendimus
1014 3842 1098 3889 ex
1142 3823 1516 3888 necessitate
1562 3822 1795 3886 divinae
1842 3829 2091 3887 naturae
2137 3826 2344 3908 sequi,
2391 3829 2454 3889 et
2497 3824 2578 3889 ab
2624 3824 2846 3890 eadem
2892 3824 2973 3889 ad
3020 3825 3191 3889 exis-

570 3913 833 4001 tendum
883 3917 946 3978 et
990 3911 1381 3996 operandum
1427 3917 1599 3977 certo
1646 3911 1835 3975 modo
1886 3911 2313 3977 determinari.
2401 3928 2405 3935 “

1321 4058 2023 4125 PROPOSITIO
2112 4060 2433 4126 XXXIII.

656 4174 786 4241 Res
829 4174 999 4241 nullo
1042 4174 1168 4240 alio
1211 4174 1404 4258 modo,
1447 4193 1646 4260 neque
1690 4173 1817 4239 alio
1850 4174 2071 4240 ordine
2107 4196 2152 4240 a
2191 4173 2324 4240 Deo
2343 4174 2605 4259 produci
2619 4179 2978 4259 potuerunt,
3001 4193 3191 4261 quam

563 4265 883 4346 productae
927 4270 1094 4331 sunt.

1514 4372 2238 4419 nnuonsrnar1o

654 4453 782 4520 Res
851 4456 1023 4521 enim
1070 4474 1294 4521 omnes
1338 4474 1421 4520 ex
1467 4455 1616 4520 data
1658 4453 1781 4520 Dei
1828 4460 2057 4520 natura
2102 4456 2460 4520 necessario
2508 4460 2796 4539 sequutae
2843 4459 3000 4519 sunt
3040 4459 3191 4534 (per

569 4542 761 4629 Prqo.
832 4544 978 4627 16.),
1040 4550 1103 4610 et
1163 4564 1247 4611 ex
1305 4546 1686 4611 necessitate
1744 4550 1991 4609 naturae
2053 4542 2174 4610 Dei
2218 4544 2652 4610 determinatae
2697 4550 2850 4609 sunt
2893 4544 2973 4608 ad
3017 4548 3190 4608 certo

567 4633 754 4698 modo
801 4634 1207 4699 existendum
1254 4640 1318 4700 et
1363 4634 1755 4718 operandum
1803 4639 1954 4717 (per
1999 4631 2192 4715 Prop.
2244 4633 2390 4712 29.).
2434 4633 2504 4699 Si
2540 4635 2759 4718 itaque
2797 4652 2900 4699 res
2924 4633 3189 4697 alterius

564 4728 812 4788 naturoe
877 4725 1235 4806 potuissent
1295 4741 1454 4805 esse,
1498 4723 1602 4788 vel
1663 4724 1788 4788 alio
1839 4723 2026 4787 modo
2073 4723 2154 4787 ad
2197 4723 2594 4806 operandum
2642 4723 3072 4803 determinari,
3116 4726 3192 4785 ut

565 4817 813 4878 naturae
858 4812 1014 4878 ordo
1060 4812 1227 4878 alius
1273 4818 1471 4893 esset;
1520 4831 1670 4898 ergo
1716 4811 1839 4877 Dei
1883 4814 2074 4878 etiam
2122 4818 2354 4877 natura
2390 4812 2516 4876 alia
2554 4817 2772 4897 posset
2809 4830 2966 4894 esse,
2991 4830 3186 4895 quam

557 4903 691 4988 jam
761 4908 890 4986 est;
963 4921 1037 4968 ac
1099 4902 1366 4987 proinde
1420 4901 1573 4986 (per
1640 4900 1834 4983 Prop.
1896 4901 2028 4988 11.)
2086 4902 2199 4967 illa
2243 4901 2430 4969 etiam
2483 4900 2740 4969 deberet
2783 4902 3081 4987 existere,
3124 4906 3189 4967 et
