3609 5642
493 513 577 582 66
1519 536 1767 584 mmons
1811 537 1966 584 PARS
2010 536 2096 584 111.

492 704 659 768 ratio
721 722 934 769 rerum
1000 702 1529 791 qualiumcunque
1591 709 1897 770 naturam
1963 703 2367 789 intelligendi,
2422 724 2641 789 nempe
2697 723 2813 789 per
2855 702 3011 787 leyes
3055 708 3114 767 et

491 791 740 876 reyulas
797 791 1075 857 Naturae
1131 792 1535 858 universales.
1596 792 1881 874 Affectus
1939 794 2150 880 itaque
2200 794 2348 877 odii,
2407 795 2542 878 iroe,
2585 793 2842 858 invidioe
2888 797 2994 858 etc.
3039 791 3114 856 in

493 902 559 946 se
624 882 1001 947 considerati
1041 902 1118 946 ex
1160 882 1373 947 eadem
1416 882 1688 947 Naturae
1730 884 2087 949 necessitate
2131 887 2191 949 et
2233 882 2462 948 virtute
2505 886 2993 968 consequuntur,
3037 901 3114 945 ac

493 969 744 1056 rebiwa
802 969 1197 1054 sinqularia;
1241 991 1318 1036 ac
1358 971 1622 1055 proinde
1662 978 1867 1037 certas
1909 992 2136 1038 causas
2178 977 2533 1056 aynoscunt,
2574 992 2689 1058 per
2731 990 2894 1057 quas
2936 969 3114 1035 intel-

494 1059 801 1143 liynntur,
861 1064 1182 1163 certasque
1235 1062 1648 1141 proprietates
1707 1060 1950 1144 habent,
2008 1062 2353 1145 coynitione
2408 1069 2626 1127 nostra
2671 1081 2845 1148 aeque
2889 1059 3115 1142 diynas

495 1168 571 1213 ac
607 1149 1028 1234 proprietates
1070 1149 1494 1234 cujuscunque
1537 1150 1796 1215 alterius
1842 1151 1953 1233 rei,
1993 1153 2176 1236 cujus
2217 1150 2350 1216 sola
2385 1150 2892 1236 contemplatione
2925 1149 3115 1214 delec-

496 1244 724 1302 tamur.
787 1237 886 1303 De
943 1236 1301 1317 Affectnnm
1358 1238 1570 1324 itaque
1625 1246 1863 1305 natura
1922 1244 1982 1304 et
2045 1239 2304 1322 viribus,
2362 1260 2438 1305 ac
2480 1240 2721 1306 Mentis
2766 1240 2835 1303 in
2879 1238 3116 1303 eosdem

494 1327 794 1412 potentia,
845 1326 1054 1392 eadem
1099 1325 1394 1393 Methodo
1436 1348 1640 1412 aqam,
1682 1349 1812 1415 qua
1855 1332 1927 1393 in
1969 1329 2458 1412 praecedentibus
2500 1329 2575 1394 de
2617 1328 2750 1393 Deo
2793 1332 2854 1393 et
2896 1326 3117 1392 Mente

495 1416 609 1499 eqi,
671 1420 733 1482 et
795 1415 1113 1481 humanas
1169 1416 1438 1481 actiones
1503 1423 1689 1504 atque
1753 1419 2071 1503 appetitus
2132 1418 2531 1484 considerabo
2592 1417 2872 1503 perinde,
2936 1437 3013 1481 ac
3058 1416 3117 1480 si

496 1505 755 1588 qaeestio
798 1506 871 1570 de
911 1504 1106 1580 lineis,
1145 1504 1378 1590 planis,
1421 1513 1538 1571 aut
1580 1506 1657 1572 de
1701 1506 2065 1592 corporibus
2108 1513 2277 1573 esset.

1377 1652 2234 1722 DEFINITIONES.

586 1781 636 1845 Ι.
703 1779 978 1845 Causam
1044 1780 1443 1864 adaequatam
1512 1782 1760 1866 appello
1822 1800 1984 1865 eam,
2042 1783 2230 1865 cujus
2275 1781 2537 1847 effeetus
2581 1785 2791 1866 potest
2834 1781 3005 1844 clare
3053 1784 3116 1843 et

499 1871 796 1935 distincte
863 1889 976 1955 per
1042 1870 1309 1935 eandem
1368 1871 1625 1955 percipi.
1670 1869 2048 1955 Inaquatam
2097 1875 2335 1954 autem,
2380 1889 2496 1936 seu
2542 1871 2889 1955 partialem,
2932 1868 3108 1932 illam

499 1979 677 2043 voco,
720 1961 909 2042 cujus
953 1958 1215 2024 effectus
1258 1977 1372 2043 per
1411 1959 1618 2044 ipsam
1666 1960 1868 2025 solam
1914 1959 2186 2045 intelligi
2232 1961 2475 2044 nequit.

586 2008 677 2113 IL’
737 2047 874 2113 Nos
942 2053 1081 2112 tum
1151 2066 1340 2132 agere
1406 2048 1566 2130 dico,
1626 2068 1774 2113 eum
1840 2048 2084 2133 aliquid
2128 2050 2198 2112 in
2245 2048 2433 2113 nobis
2477 2052 2588 2113 aut
2633 2052 2819 2113 extra
2860 2065 2979 2111 nos
3025 2043 3117 2127 fit,

500 2139 688 2221 cujus
755 2137 1089 2221 adaequata
1154 2155 1384 2203 sumus
1450 2156 1662 2221 causa,
1728 2138 1851 2202 hoo
1916 2144 2014 2203 est
2057 2143 2210 2222 (per
2252 2136 2463 2219 Defin.
2502 2137 2789 2222 praeced.)
2831 2155 2978 2201 eum
3028 2153 3111 2198 ex

499 2232 720 2292 nostra
762 2232 993 2291 natura
1037 2226 1284 2310 aliquid
1326 2228 1396 2290 in
1440 2226 1631 2292 nobis
1677 2232 1789 2291 aut
1836 2233 2020 2293 extra
2066 2247 2186 2293 nos
2229 2229 2542 2312 sequitur,
2588 2227 2762 2311 quod
2807 2244 2921 2310 per
2966 2243 3115 2289 ean-

500 2315 643 2381 dem
707 2315 905 2381 solam
952 2320 1161 2400 potest
1205 2316 1375 2380 clare
1422 2321 1487 2380 et
1530 2316 1831 2382 distinete
1873 2317 2165 2400 intelligi.
2217 2318 2301 2381 At
2346 2321 2570 2381 contra
2611 2334 2730 2381 nos
2777 2317 2909 2400 pati
2954 2314 3120 2394 dico,

498 2424 645 2469 eum
693 2404 761 2467 in
807 2403 995 2470 nobis
1039 2404 1282 2488 aliquid
1323 2403 1415 2487 fit,
1459 2405 1563 2470 vel
1609 2424 1694 2470 ex
1738 2409 1960 2471 nostra
2003 2411 2233 2471 natura
2276 2405 2523 2490 aliquid
2570 2405 2883 2489 sequitur,
2927 2403 3117 2485 eujus

499 2513 618 2559 nos
662 2513 794 2558 non
840 2495 967 2559 nisi
1014 2494 1301 2578 partialis
1347 2512 1575 2560 sumus
1620 2513 1831 2560 causa.

585 2581 702 2646 III.
768 2582 896 2648 Per
958 2582 1280 2648 Affeotum
1322 2583 1610 2668 intelligo
1657 2582 1956 2669 Corporis
2001 2585 2385 2668 affectiones,
2430 2582 2668 2669 quibus
2713 2583 2919 2666 ipsius
2963 2578 3114 2644 Cor-

499 2672 673 2756 poris
742 2672 974 2756 agendi
1032 2672 1315 2756 potentia
1357 2677 1628 2755 augetur
1672 2673 1778 2738 vel
1825 2674 2161 2757 minuitur,
2198 2675 2467 2756 juvatur
2511 2672 2615 2738 vel
2661 2674 3007 2752 coercetur,
3052 2672 3117 2733 et

499 2761 693 2825 simul
739 2761 968 2826 harum
1012 2759 1416 2825 affectionum
1462 2761 1655 2827 ideas.

586 2848 661 2916 Si
719 2850 932 2935 itaque
975 2849 1254 2932 alicujus
1294 2847 1523 2914 harum
1566 2849 1956 2931 affectionum
1999 2851 2340 2956 adoeqnata
2382 2850 2691 2936 possimus
2731 2869 2859 2914 esse
2902 2865 3119 2929 causa,

496 2942 632 3004 tnm
670 2957 788 3024 per
830 2938 1145 3018 Affectnm
1188 2938 1489 3004 actionem
1532 2938 1839 3023 intelliqo;
1881 2939 2047 3005 abias
2085 2940 2453 3024 passionem

1456 3085 2147 3153 POSTULATA.

584 3213 633 3278 Ι.
681 3212 929 3297 Corpus
971 3213 1328 3277 humanum
1374 3216 1583 3297 potest
1628 3213 1851 3279 multis
1896 3212 2064 3278 affici
2097 3213 2324 3298 modis,
2363 3213 2601 3299 quibus
2640 3214 2849 3299 ipsius
2887 3211 3120 3297 agendi

496 3304 778 3388 potentia
844 3307 1116 3386 augetur
1182 3302 1289 3366 vel
1358 3303 1690 3385 minuitur,
1756 3308 1822 3367 et
1886 3304 2078 3368 etiam
2146 3303 2307 3385 aliis,
2373 3306 2487 3388 qui
2547 3303 2835 3387 ejusdem
2883 3301 3118 3386 agendi

496 3393 844 3477 potentiam
891 3409 1011 3456 nee
1057 3391 1363 3473 maj0rem
1410 3410 1530 3455 neo
1576 3392 1888 3456 minorem
1935 3392 2232 3457 reddunt.

583 3480 725 3548 Hoc
768 3478 1175 3545 Postulatum
1219 3499 1334 3545 seu
1375 3479 1649 3545 Aoeioma
1688 3479 1926 3545 nititur
1962 3479 2291 3547 Postulato
2336 3481 2395 3546 1.
2433 3486 2493 3545 et
2527 3479 2827 3545 Lemmat.
2867 3480 2910 3542 5
2945 3485 3002 3543 et
3038 3478 3119 3562 7.

494 3591 638 3654 quoe
679 3569 819 3635 vide
857 3573 999 3652 post
1040 3566 1234 3652 Prop.
1282 3568 1385 3633 13.
1430 3589 1491 3654 p.
1537 3568 1600 3632 2.

582 3660 666 3724 II.
727 3657 974 3742 Corpus
1031 3657 1386 3722 humanum
1442 3658 1675 3722 multas
1721 3658 1853 3742 pati
1898 3662 2109 3742 potest
2153 3661 2538 3724 mutationes
2585 3663 2649 3723 et
2695 3657 3119 3722 nihilominus

494 3751 770 3814 retinere
826 3745 1218 3829 objectorum
1260 3748 1715 3833 impressiones
1762 3765 1879 3811 seu
1926 3749 2196 3831 vestigia
2245 3747 2344 3830 (de
2384 3746 2611 3830 quibus
2656 3746 2793 3811 vide
2835 3745 3008 3812 Post.
3056 3746 3117 3810 5.

490 3858 552 3922 p.
598 3837 700 3920 2.),
761 3839 824 3901 et
882 3839 1348 3919 consequenter
1405 3837 1660 3900 easdem
1720 3855 1939 3900 rerum
1998 3839 2345 3921 imagines3
2408 3856 2684 3919 quarum
2727 3835 2936 3918 Defin.
2985 3834 3120 3900 vide

494 3926 688 4016 Schol.
733 3923 931 4008 Prop.
977 3923 1081 3987 17.
1123 3943 1186 4008 p.
1230 3923 1292 3988 2.

1376 4072 2077 4140 PROPOSITIO
2168 4075 2217 4140 I.

582 4199 774 4264 Mens
840 4205 1060 4263 nostra
1128 4198 1412 4283 quaedam
1473 4198 1617 4281 aqit,
1678 4198 1971 4284 quaedam
2027 4219 2171 4266 vero
2213 4201 2496 4285 patitur,-
2539 4220 2755 4286 nempe
2798 4205 3118 4287 quatenus

492 4289 865 4375 adaeqnatas
930 4286 1113 4352 habet
1176 4287 1370 4371 ideas,
1436 4292 1687 4352 eatenus
1754 4287 2044 4374 quoedam
2103 4291 2447 4356 necessario
2506 4291 2656 4374 ayit,
2699 4297 2757 4355 et
2802 4294 3120 4375 quatenns

491 4379 666 4443 ideas
709 4376 889 4442 habet
931 4375 1390 4461 inadoequatas,
1433 4383 1694 4442 eatenus
1735 4378 2081 4451 necessario
2122 4372 2413 4465 qnaeda'm
2455 4381 2720 4466 patitur.

1452 4522 2169 4569 DEMONSTRA'MO.

580 4603 1040 4687 Cujusounque
1099 4601 1398 4667 humanae
1455 4602 1690 4669 Mentis
1750 4604 1912 4669 ideae
1950 4604 2091 4669 aliae
2130 4605 2479 4690 adaequatae
2518 4610 2687 4685 sunt,
2723 4605 2861 4670 aliae
2900 4609 3117 4668 autem

493 4693 803 4758 mutilatae
862 4696 927 4755 et
971 4690 1253 4763 confusae
1297 4697 1446 4776 (per
1490 4690 1686 4758 δάιοι.
1732 4691 1931 4777 Prop.
1977 4693 2082 4776 40,
2124 4713 2186 4779 p.
2233 4694 2333 4777 2..)
2379 4696 2551 4761 Ideae
2590 4699 2824 4776 autem,
2862 4713 3007 4777 quae
3044 4695 3119 4756 in

491 4783 768 4865 alicujus
836 4778 1053 4844 Mente
1118 4786 1273 4844 sunt
1353 4781 1724 4868 adaequatae,
1791 4787 1947 4847 sunt
2012 4783 2082 4846 in
2149 4780 2286 4849 Deo
2366 4786 2736 4869 adaequatae,
2797 4786 3121 4867 quatenus

490 4871 778 4955 ejusdem
847 4867 1083 4934 Mentis
1142 4873 1482 4935 essentiam
1542 4872 1878 4937 constituit
1938 4873 2086 4954 (per
2150 4870 2370 4939 Oorotz.
2416 4874 2606 4959 Prop.
2656 4873 2758 4938 11.
2802 4891 2865 4957 p.
2909 4871 3011 4952 2.)
3055 4875 3122 4935 et
