3609 5642
1490 535 1573 582 nn
1616 535 2007 602 firmemus.
2968 517 3045 580 91

426 704 774 771 universali
836 702 1054 767 elassis
1120 702 1211 768 vel
1266 701 1567 785 nationis,
1632 708 1935 788 tanquam
1995 721 2189 767 causa
2205 722 2228 765 .·
2284 703 2344 766 is
2387 721 2518 767 uon
2562 706 2808 767 tantum
2852 700 3054 785 illum,

426 796 537 861 sed
576 813 784 861 omnes
825 793 1100 877 ejusdem
1144 792 1362 857 classis
1403 792 1498 857 vel
1541 791 1823 856 nationis
1867 791 2103 857 amabit
2144 792 2242 857 vel
2284 792 2422 857 odio
2465 791 2723 857 habebit.

1380 923 2105 970 nnnonsrnxr1a

514 1008 734 1092 Hujus
780 1009 875 1073 rei
923 1007 1379 1073 demonstratio
1425 1010 1601 1091 patet
1645 1024 1730 1072 ex
1775 1006 2220 1092 Propositione
2269 1007 2369 1071 16.
2415 1007 2613 1089 hujus
2658 1005 2884 1071 Partis.

1218 1141 1920 1209 PROPOSITIO
2012 1142 2278 1208 XLVH.

515 1260 791 1341 Laetitia,
858 1278 999 1346 quoe
1057 1278 1134 1322 ex
1190 1276 1257 1321 eo
1314 1257 1538 1340 oritur,
1583 1256 1750 1342 quod
1793 1255 2020 1322 scibicet
2062 1276 2211 1340 rem,
2256 1276 2447 1338 quam
2491 1255 2750 1334 odimu8‚
2796 1254 3054 1338 destrui,

426 1354 542 1415 aut
583 1349 709 1415 alio
749 1348 915 1414 malo
957 1346 1143 1431 affici
1184 1347 1630 1430 imayiuamwr,
1673 1365 1796 1411 non
1834 1346 2041 1411 oritur
2079 1346 2311 1434 absque
2346 1345 2482 1411 ulla
2521 1345 2716 1410 animi
2738 1344 3050 1410 Tristitia.

1389 1478 2090 1526 DEMONSTRATIO

522 1568 693 1647 patet
737 1583 820 1629 ex
864 1563 1053 1647 Prop.
1103 1563 1205 1627 27.
1253 1563 1466 1645 hujus.
1511 1561 1677 1626 Nam
1726 1565 2046 1645 quatenus
2088 1580 2225 1627 rem
2262 1561 2452 1626 nobis
2476 1561 2750 1627 similem
2772 1561 3058 1626 Tristitia

434 1653 603 1718 affici
648 1654 1097 1738 imaginamur,
1141 1656 1409 1717 eatenus
1456 1652 1931 1716 contristamur.

1509 1784 1983 1829 SGHOLIUm

521 1867 740 1932 Potest
784 1868 924 1931 haec
967 1866 1330 1951 Propositio
1378 1868 1570 1931 etiam
1619 1866 2045 1931 demonstrari
2092 1884 2176 1930 ex
2216 1864 2563 1930 Corollario
2587 1864 3054 1949 Propositionis

437 1958 536 2020 17.
606 1956 818 2021 Partis
887 1956 946 2019 2.
1016 1954 1282 2032 Quoties
1350 1958 1523 2020 enim
1584 1957 1680 2020 rei
1725 1954 2157 2037 recordamur,
2205 1956 2501 2038 quamvis
2546 1956 2686 2038 ipsa
2731 1959 2876 2019 actu
2923 1975 3054 2019 non

413 2048 686 2128 existat,
731 2045 997 2112 eandem
1044 2050 1294 2110 tantum
1342 2049 1416 2109 ut
1459 2049 1843 2128 praesentem
1884 2043 2408 2127 contemplamur,
2435 2043 2811 2128 Corpusque
2832 2044 3053 2110 eodem

434 2135 625 2199 modo
694 2134 1003 2215 afficitur;
1076 2154 1275 2219 quare
1344 2139 1666 2218 quatenus
1733 2135 1827 2199 rei
1897 2135 2200 2197 memoria
2268 2135 2458 2218 viget,
2527 2138 2794 2198 eatenus
2862 2135 3053 2197 homo

435 2224 896 2290 determinatur
962 2223 1044 2287 ad
1090 2224 1360 2289 eandem
1409 2243 1557 2288 cum
1604 2223 1889 2288 Tristitia
1934 2222 2516 2306 contemplandum,
2564 2243 2712 2306 quae
2761 2223 3059 2287 determi-

433 2315 629 2393 natio,
689 2317 987 2378 manente
1030 2314 1239 2378 adhuc
1282 2315 1377 2377 rei
1420 2314 1721 2398 imagine,
1766 2317 2093 2377 coercetur
2140 2311 2399 2395 quidem
2447 2314 2752 2377 memoria
2796 2312 3054 2377 illarum

433 2422 673 2485 rerum,
720 2422 869 2486 quae
915 2403 1109 2485 hujus
1154 2403 1562 2468 existentiam
1612 2403 1975 2484 secludunt,
2021 2402 2132 2465 sed
2180 2420 2310 2465 non
2359 2401 2639 2466 tollitur:
2682 2407 2875 2485 atque
2898 2403 3055 2466 adeo

430 2493 623 2556 homo
691 2498 957 2557 eatenus
1018 2495 1268 2556 tantum
1333 2491 1607 2573 laetatur,
1654 2496 1974 2576 quatenus
2020 2491 2158 2554 haec
2207 2490 2648 2556 determinatio
2694 2494 3053 2572 co‘e‘rcetur3

432 2586 495 2647 et
563 2582 717 2645 hinc
784 2580 871 2662 fit,
934 2586 1011 2644 ut
1070 2582 1210 2644 haec
1256 2579 1526 2664 Laetitia,
1573 2600 1723 2665 quae
1770 2599 1853 2645 ΒΧ
1897 2582 2014 2663 rei,
2060 2599 2253 2663 quam
2301 2579 2574 2663 odimus,
2621 2580 2788 2644 malo
2837 2582 3057 2663 oritur,

431 2672 623 2736 toties
691 2674 1034 2754 repetatur,
1101 2671 1352 2755 quoties
1412 2670 1698 2753 ejusdem
1762 2672 1859 2736 rei
1903 2669 2330 2734 recordamur.
2375 2668 2562 2751 Nam,
2610 2670 2704 2734 uti
2752 2669 3059 2752 diximus,

434 2760 695 2844 quando
756 2759 1045 2842 ejusdem
1090 2761 1185 2825 rei
1227 2760 1440 2842 imago
1488 2761 1826 2842 excitatur,
1873 2760 2025 2842 quia
2071 2759 2211 2822 haec
2254 2758 2462 2842 ipsius
2505 2759 2600 2823 rei
2648 2759 3055 2823 existentiam

429 2848 723 2928 involvit,
768 2849 1092 2914 hominem
1140 2849 1522 2913 determinat
1567 2849 1647 2913 ad
1692 2867 1829 2912 rem
1874 2867 2023 2913 cum
2063 2848 2280 2912 eadem
2318 2847 2601 2912 Tristitia
2624 2848 3056 2933 contemplan-

432 2938 608 3019 dum,
678 2956 806 3021 qua
873 2938 1139 3002 eandem
1200 2937 1618 3022 contemplari
1679 2936 1944 3018 solebat,
1989 2957 2138 3001 cum
2183 2937 2323 3021 ipsa
2367 2938 2687 3002 existeret.
2733 2936 2857 3002 Sed
2903 2939 3058 3022 quia

431 3028 723 3110 ejusdem
776 3026 870 3092 rei
913 3028 1180 3110 imagini
1225 3027 1382 3091 alias
1421 3028 1662 3109 junxit,
1708 3046 1858 3111 quae
1905 3026 2192 3109 ejusdem
2240 3027 2648 3091 existentiam
2693 3026 3059 3109 secludunt,

429 3117 575 3182 ideo
620 3117 760 3179 haec
806 3115 887 3180 ad
930 3114 1273 3180 Tristitiam
1323 3117 1764 3181 determinatio
1813 3116 2027 3181 statim
2076 3119 2423 3198 coercetur,
2468 3119 2530 3180 et
2568 3116 2758 3180 homo
2784 3116 2861 3181 de
2886 3136 3054 3182 novo

431 3206 709 3288 laetatur,
753 3209 817 3269 et
860 3205 983 3269 hoc
1032 3207 1239 3288 totieS,
1285 3207 1537 3289 quoties
1582 3206 1723 3269 haec
1766 3206 2059 3289 repetitio
2104 3203 2195 3268 fit.
2242 3205 2460 3288 Atque
2505 3205 2644 3268 haec
2691 3205 2911 3270 eadem
2960 3212 3058 3271 est

432 3313 647 3376 causa,
694 3313 811 3359 cur
855 3294 1148 3359 homines
1193 3294 1514 3378 laetantur,
1558 3295 1811 3379 quoties
1855 3295 2132 3377 alicujus
2171 3294 2305 3376 jam
2344 3295 2651 3377 praeteriti
2676 3294 2826 3358 mali
2849 3313 3057 3360 recor·

435 3384 688 3464 dantur,
733 3387 796 3448 et
842 3402 959 3448 cur
1003 3383 1305 3467 pericula,
1350 3404 1388 3448 a
1435 3383 1673 3467 quibus
1718 3383 1972 3448 liberati
2018 3388 2191 3463 sunt,
2230 3401 2490 3448 narrare
2526 3383 2867 3468 gaudeant.
2890 3383 3058 3450 Nam

434 3473 548 3538 ubi
615 3472 879 3556 aliquod
938 3472 1300 3556 periculum
1347 3474 1800 3557 imaginantur,
1845 3473 2017 3537 idem
2063 3472 2268 3536 veluti
2314 3472 2524 3537 adhuc
2569 3471 2861 3537 futurum
2909 3493 3058 3539 con-

435 3561 846 3647 templantur,
890 3567 953 3626 et
998 3562 1079 3626 ad
1121 3562 1189 3626 id
1235 3563 1649 3627 metuendum
1699 3562 2244 3642 determinantur3
2293 3580 2442 3644 quae
2490 3560 2933 3627 determinatio
2980 3564 3059 3629 de

434 3670 605 3716 novo
671 3655 1000 3716 coercetur
1065 3651 1211 3716 idea
1274 3651 1605 3732 libertatis,
1674 3671 1870 3735 quam
1915 3653 2110 3735 huJ’us
2155 3651 2427 3734 periculi
2471 3650 2636 3715 ideae
2675 3652 3059 3736 junxerunt,

435 3760 584 3805 cum
655 3739 734 3804 ab
798 3737 1020 3805 eodem
1091 3739 1340 3805 liberati
1409 3745 1581 3823 sunt,
1649 3760 1930 3825 quaeque
1997 3760 2106 3806 eos
2165 3740 2244 3805 de
2290 3759 2458 3804 novo
2506 3759 2767 3807 securos
2812 3742 3055 3824 reddit3

435 3836 632 3914 atque
678 3829 835 3893 adeo
882 3830 960 3893 de
1005 3848 1175 3895 novo
1218 3829 1539 3895 laetantur.

1210 3952 1909 4020 PROPOSITIO
2001 3954 2299 4020 XLVHI.

524 4054 724 4120 Amor
788 4060 848 4120 et
922 4053 1146 4121 Odium
1213 4075 1304 4119 ex.
1359 4076 1455 4139 qr.
1503 4075 1651 4137 erya
1696 4053 1962 4120 Petrum
2005 4056 2369 4137 destruitur,
2414 4056 2471 4119 si
2514 4054 2822 4137 Tristitia,
2869 4076 3060 4143 quam

433 4143 562 4227 hoe,
627 4149 689 4210 et
752 4144 1026 4227 Loetitia,
1089 4164 1281 4226 quam
1345 4144 1449 4208 ille
1517 4143 1788 4225 involvit,
1849 4145 2006 4209 ideoe
2050 4144 2315 4210 alterius
2357 4164 2566 4209 causae
2590 4146 2954 4230 junqatur3
3002 4153 3059 4210 et

433 4238 694 4299 eatenus
759 4238 1021 4319 uterque
1080 4233 1476 4317 diminuitur,
1538 4238 1850 4320 quatenus
1905 4233 2330 4317 imayirtamwr
2375 4232 2642 4299 Petrum
2688 4253 2819 4299 nou
2862 4234 3059 4301 solum

434 4323 639 4408 fuisse
683 4323 1057 4388 alterutrius
1100 4342 1371 4387 eausam.

1398 4456 2095 4503 DEMONSTRATIO

522 4541 694 4622 patet
739 4556 823 4603 ex
868 4538 1004 4603 sola
1048 4537 1309 4602 Amoris
1356 4543 1419 4602 et
1464 4536 1611 4602 Odii
1660 4537 2063 4619 definition03
2116 4558 2307 4621 quam
2355 4538 2502 4603 vide
2539 4540 2607 4602 in
2634 4538 2840 4604 Schol.
2868 4540 3059 4625 Prop.

436 4627 539 4691 13.
585 4627 801 4711 hujus.
848 4626 1013 4691 Nam
1060 4632 1318 4710 propter
1364 4627 1485 4692 hoc
1531 4627 1741 4692 solum
1788 4626 2044 4692 Laetitia
2091 4632 2361 4691 vocatur
2406 4628 2624 4710 Amor,
2672 4633 2736 4694 et
2779 4628 3060 4695 Tristitia

437 4714 675 4781 Odium
743 4735 894 4800 erga
960 4715 1245 4798 Petrum,
1314 4718 1466 4800 quia
1534 4717 1779 4782 scilicet
1845 4716 2078 4782 Petrus
2146 4717 2342 4799 hujus
2402 4717 2505 4782 vel
2565 4717 2747 4782 illius
2793 4717 3060 4784 affectus

431 4824 631 4871 causa
697 4824 839 4871 esse
908 4804 1363 4870 consideratur.
1429 4805 1573 4872 Hoc
1639 4808 1860 4891 itaque
1927 4825 2188 4891 prorsus
2259 4806 2364 4871 vel
2432 4825 2515 4871 ex
2560 4812 2740 4891 parte
2787 4806 3062 4891 sublato,

429 4895 698 4961 affectus
744 4913 1004 4980 quoque
1048 4913 1199 4979 erga
1241 4893 1507 4961 Petrum
1550 4914 1816 4980 prorsus
1863 4896 1964 4962 vel
2002 4914 2086 4961 ex
2124 4899 2302 4980 parte
2340 4895 2745 4967 diminuitur.
2774 4896 2843 4978 Q.
2869 4896 2950 4962 E.
2973 4895 3058 4961 D.
