3609 5642
1700 552 1782 598 nn
1824 551 1958 599 nno.
3054 529 3137 593 27

518 721 793 787 scientes
837 717 974 786 Deo
1020 719 1540 804 imaginationem
1584 719 1914 802 tribuunt3
1955 722 2083 787 nisi
2118 721 2321 786 velint
2356 720 2538 805 forte,
2574 718 2805 802 Deum,
2842 718 3140 782 humanae

516 810 958 894 imaginationi
1025 808 1486 894 providentem,
1546 828 1649 874 res
1710 829 1932 876 omnes
1978 830 2052 877 eo
2101 809 2496 894 disposuisse
2542 809 2751 891 modo,
2795 827 2922 892 quo
2968 809 3141 890 ipsas

516 898 821 964 facillime
863 898 1201 983 imaginari
1245 904 1540 983 possent3
1589 917 1709 964 nec
1755 918 1997 964 moram
2035 899 2250 965 forsan
2288 901 2370 964 iis
2407 900 2668 983 injiciet,
2693 897 2866 981 quod
2888 896 3141 961 infinita

517 989 934 1072 reperiantur,
1002 1006 1149 1071 quae
1217 991 1500 1052 nostram
1569 989 2090 1073 imaginationem
2135 989 2326 1072 longe
2372 992 2695 1073 superant,
2741 991 2804 1052 et
2849 986 3143 1070 plurima,

520 1096 666 1161 quae
727 1079 952 1161 ipsam,
1019 1081 1278 1162 propter
1342 1078 1482 1160 ejus
1549 1077 2068 1160 imbecillitatem,
2127 1077 2548 1143 confundunt.
2610 1075 2735 1141 Sed
2784 1075 2863 1140 de
2908 1076 3028 1139 hac
3073 1093 3143 1140 re

518 1169 690 1232 satis.
753 1165 1013 1232 Ooeterae
1060 1165 1292 1230 deinde
1337 1167 1631 1233 notiones
1678 1169 1867 1233 etiam
1914 1172 2144 1252 proeter
2187 1167 2581 1252 imaginandi
2625 1165 2866 1248 modos,
2906 1163 3143 1250 quibus

517 1257 890 1340 imaginatio
953 1255 1383 1321 diversimode
1443 1255 1737 1340 afficitur,
1796 1257 1957 1320 nihil
2003 1260 2175 1339 sunt,
2219 1262 2284 1321 et
2328 1261 2542 1321 tamen
2589 1255 2669 1320 ab
2714 1255 2959 1340 ignaris
3003 1258 3142 1318 tan-

522 1366 716 1430 quam
783 1346 1110 1430 praecipua
1154 1363 1371 1409 rerum
1419 1345 1725 1411 attributa
1768 1345 2289 1427 considerantur;
2336 1347 2506 1430 quia,
2551 1350 2625 1409 ut
2662 1345 2797 1427 jam
2842 1343 3144 1424 diximus,

520 1453 625 1500 res
689 1452 910 1499 omnes
970 1438 1227 1518 propter
1271 1435 1448 1519 ipsos
1492 1434 1692 1500 factas
1738 1454 1880 1501 esse
1926 1435 2227 1516 credunt3
2278 1438 2341 1500 et
2384 1437 2479 1500 rei
2524 1434 2799 1517 alicujus
2847 1438 3141 1497 naturam

519 1523 752 1589 bonam
798 1523 903 1588 vel
946 1524 1202 1605 malam,
1248 1542 1471 1588 sanam
1517 1525 1620 1590 vel
1665 1525 1988 1609 putridam
2035 1529 2098 1590 et
2143 1530 2506 1607 corruptam
2551 1523 2794 1605 dicunt,
2834 1527 3025 1606 prout
3063 1520 3143 1585 ab

525 1613 745 1678 eadem
789 1611 1178 1677 afficiuntur.
1224 1610 1328 1675 Ex
1375 1633 1467 1697 gr.
1517 1615 1572 1678 si
1620 1619 1852 1696 motus,
1898 1633 2091 1698 quem
2137 1615 2321 1678 nervi
2358 1612 2438 1677 ab
2478 1612 2759 1695 objectis,
2787 1630 2900 1696 per
2923 1610 3144 1675 oculos

522 1702 1010 1787 repraesentatis,
1072 1702 1414 1786 accipiunt,
1464 1704 1817 1767 valetudini
1863 1702 2196 1786 conducat,
2249 1701 2514 1785 objecta,
2553 1722 2592 1766 a
2638 1700 2876 1785 quibus
2920 1719 3144 1764 causa-

521 1794 648 1874 tur,
709 1790 974 1872 pulchra
1039 1791 1359 1874 dicuntur,
1406 1811 1552 1875 quae
1596 1796 1813 1857 autem
1859 1793 2248 1858 contrarium
2296 1795 2540 1856 motum
2589 1792 2779 1871 cient,
2823 1788 3147 1873 deformia.

525 1879 687 1957 Quae
754 1879 984 1945 deinde
1049 1898 1164 1964 per
1230 1899 1417 1945 nares
1485 1899 1746 1946 sensum
1794 1887 2070 1962 movent,
2117 1880 2431 1946 odorifera
2477 1880 2581 1946 vel
2625 1878 2851 1944 foetida
2895 1882 3149 1958 vocant,

523 1989 673 2055 quae
737 1988 851 2055 per
916 1970 1223 2053 linguam,
1291 1969 1504 2034 dulcia
1570 1975 1682 2036 aut
1750 1990 1984 2051 amara,
2046 1970 2266 2053 sapida
2326 1974 2437 2034 aut
2480 1969 2778 2054 insipida,
2824 1972 2937 2032 etc.
2986 1964 3147 2043 Quae

523 2065 738 2124 autem
804 2078 916 2143 per
982 2062 1246 2140 tactum,
1311 2058 1473 2123 dura
1540 2065 1654 2124 aut
1714 2060 1946 2140 mollia,
2007 2077 2232 2143 aspera
2291 2064 2403 2123 aut
2458 2059 2662 2139 laevia,
2707 2063 2821 2122 etc.
2868 2056 2952 2121 Et
2999 2075 3147 2140 quae

524 2148 801 2233 denique
847 2166 1037 2212 aures
1084 2152 1359 2230 movent,
1405 2150 1760 2231 strepitum,
1806 2169 2059 2232 sonum,
2104 2148 2208 2213 vel
2254 2149 2647 2212 harmoniam
2697 2147 2884 2213 edere
2923 2145 3143 2210 dicun-

521 2242 649 2319 tur,
717 2256 993 2322 quorum
1059 2241 1453 2321 postremum
1520 2239 1814 2303 homines
1883 2237 2038 2303 adeo
2108 2237 2519 2320 dementavit,
2581 2241 2655 2301 ut
2699 2234 2908 2300 Deum
2955 2236 3146 2301 etiam

527 2327 859 2391 harmonia
919 2325 1217 2391 delectari
1262 2326 1605 2392 crederent.
1651 2326 1714 2391 Ν
1715 2346 1787 2392 ec
1833 2326 2070 2392 desunt
2112 2326 2506 2411 Philosophi,
2554 2327 2667 2411 qui
2714 2324 2838 2390 sibi
2882 2343 3146 2408 persua-

526 2417 744 2499 serint,
789 2420 1003 2479 motus
1048 2415 1341 2481 coelestes
1386 2416 1783 2481 harmoniam
1834 2434 2229 2500 componere.
2277 2413 2437 2492 Quae
2484 2417 2697 2480 omnia
2742 2415 2897 2479 satis
2936 2418 3147 2478 osten-

528 2504 708 2587 dunt,
776 2523 1310 2588 unumquemque
1376 2524 1490 2587 pro
1551 2505 1968 2591 dispositione
2025 2505 2269 2570 cerebri
2314 2504 2631 2574 derebus
2669 2504 2995 2588 judicasse
3039 2503 3147 2567 vel

526 2595 742 2679 potius
785 2594 1260 2678 imaginationis
1305 2593 1671 2660 affectiones
1715 2614 1830 2680 pro
1877 2593 2069 2660 rebus
2113 2595 2448 2678 accepisse.
2497 2592 2711 2670 Quare
2755 2611 2886 2657 non
2911 2593 3145 2656 mirum

526 2687 623 2748 est
667 2684 763 2764 (ut
806 2683 929 2747 hoc
972 2684 1164 2748 etiam
1194 2682 1417 2747 obiter
1460 2686 1799 2765 notemus),
1847 2683 2021 2768 quod
2065 2685 2234 2749 inter
2277 2684 2569 2749 homines
2609 2688 2720 2764 tot,
2761 2686 2920 2767 quot
2956 2699 3147 2766 expe-

523 2774 747 2855 rimur,
814 2773 1264 2838 controversias
1332 2777 1488 2837 ortae
1533 2775 1681 2857 sint,
1726 2792 1810 2838 ex
1858 2771 2097 2857 quibus
2142 2772 2397 2837 tandem
2445 2771 2918 2858 Scepticismus.
2963 2770 3150 2852 Nam,

526 2863 823 2945 quamvis
891 2862 1172 2925 humana
1238 2880 1503 2947 corpora
1570 2864 1638 2926 in
1709 2862 1932 2927 multis
1998 2863 2400 2945 conveniant,
2460 2863 2529 2926 in
2591 2861 2887 2946 plurimis
2933 2863 3147 2924 tamen

527 2950 908 3034 discrepant,
974 2954 1038 3015 et
1102 2950 1247 3015 ideo
1291 2950 1378 3034 id,
1427 2951 1600 3036 quod
1646 2954 1764 3017 uni
1810 2951 2073 3035 bonum,
2119 2952 2300 3017 alteri
2347 2951 2587 3015 malum
2634 2949 2926 3028 videtur,
2977 2948 3149 3033 quod

527 3042 642 3104 uni
709 3040 1092 3122 ordinatum,
1159 3040 1341 3104 alteri
1407 3040 1784 3122 confusum3
1859 3040 2033 3125 quod
2097 3042 2214 3105 uni
2272 3045 2548 3124 gratum,
2593 3040 2778 3104 alteri
2821 3040 3148 3122 ingratum

525 3134 654 3210 est3
724 3134 788 3194 et
857 3130 950 3195 sic
1019 3128 1100 3193 de
1167 3130 1433 3209 caeteris,
1495 3129 1734 3214 quibus
1792 3130 1899 3194 hic
1959 3130 2343 3215 supersedeo
2390 3149 2538 3195 cum
2587 3131 2739 3213 quia
2784 3128 2981 3212 hujus
3023 3127 3151 3191 loci

523 3237 654 3283 non
720 3222 819 3285 est
885 3219 966 3283 de
1021 3218 1122 3282 his
1168 3237 1251 3283 ex
1296 3217 1582 3303 professo
1629 3238 1834 3304 agere,
1880 3224 2022 3284 tum
2070 3221 2224 3304 quia
2267 3219 2386 3283 hoc
2430 3237 2653 3284 omnes
2701 3219 2856 3284 satis
2901 3218 3152 3300 experti

523 3310 691 3372 sunt.
741 3305 1058 3372 Omnibus
1105 3308 1273 3371 enim
1321 3309 1392 3371 in
1437 3326 1548 3373 ore
1594 3314 1708 3391 est,
1755 3307 1926 3385 Quot
1971 3310 2195 3392 capita,
2239 3312 2335 3373 tot
2374 3326 2638 3388 sensus3
2664 3306 2796 3371 Suo
2823 3323 3150 3391 quemque

523 3416 718 3462 sensu
787 3396 1146 3477 abundare;
1215 3396 1361 3461 Non
1422 3400 1671 3462 minora
1730 3397 2136 3463 cerebrorum
2186 3417 2378 3482 quam
2426 3398 2782 3482 palatorum
2831 3413 2972 3461 esse
3021 3395 3150 3459 dis-

524 3487 821 3550 crimina:
909 3505 1056 3571 quae
1131 3487 1467 3552 sententiae
1536 3488 1700 3552 satis.
1761 3488 2129 3571 ostendunt,
2194 3488 2487 3552 homines
2548 3506 2664 3570 pro
2733 3485 3149 3569 dispositione

528 3575 773 3641 cerebri
840 3574 921 3639 de
986 3574 1179 3640 rebus
1233 3575 1538 3659 judicare,
1598 3595 1832 3663 resque
1891 3578 2106 3660 potius
2152 3577 2492 3660 imaginari
2537 3595 2731 3662 quam
2776 3573 3150 3658 intelligere.

527 3663 657 3730 Res
717 3666 888 3730 enim
936 3666 993 3728 si
1035 3664 1526 3749 intellexissent,
1571 3666 1700 3731 illae
1746 3685 1969 3731 omnes
1998 3662 2065 3748 ¹),
2111 3669 2273 3731 teste
2319 3664 2610 3748 Mathesi,
2656 3666 2713 3729 si
2757 3683 2885 3728 non
2936 3664 3149 3727 allice-

532 3759 691 3835 rent,
736 3753 817 3818 ad
863 3754 1201 3818 minimum
1248 3757 1718 3821 convincerent.

619 3842 933 3907 Videmus
993 3844 1211 3928 itaque
1271 3837 1493 3909 omnes
1552 3846 1850 3925 rationes,
1904 3843 2142 3930 quibus
2188 3842 2426 3926 vulgus
2473 3841 2634 3907 solet
2679 3840 2989 3906 Naturam
3036 3858 3148 3905 ex-

534 3933 787 4016 plicare,
852 3932 1075 3998 modos
1135 3951 1276 3997 esse
1332 3933 1768 3999 tantummodo
1828 3933 2242 4017 imaginandi,
2289 3951 2408 3997 nec
2455 3931 2653 3995 ullius
2699 3931 2793 3994 rei
2837 3933 3151 4011 naturam,

534 4021 645 4086 sed
712 4025 964 4086 tantum
1031 4023 1506 4106 imaginationis
1574 4024 2095 4088 constitutionem
2163 4021 2478 4101 indicare3
2550 4024 2614 4084 et
2675 4020 2828 4102 quia
2887 4019 3151 4083 nomina

534 4109 784 4188 habent,
845 4111 1030 4194 quasi
1090 4116 1302 4176 essent
1362 4113 1606 4176 entium
1653 4117 1834 4177 extra
1878 4111 2399 4196 imaginationem
2446 4110 2882 4191 existentium,
2931 4107 3150 4173 eadem

537 4201 725 4280 entia,
792 4218 923 4264 non
990 4202 1272 4283 rationis,
1340 4200 1452 4265 sed
1497 4202 1973 4286 imaginationis
2018 4220 2209 4281 voco;
2258 4204 2453 4283 atque
2497 4198 2654 4264 adeo
2702 4199 2917 4263 omnia
2961 4216 3153 4280 argu-

536 4293 766 4371 menta,
835 4309 979 4374 quse
1047 4296 1269 4355 contra
1323 4310 1441 4355 nos
1488 4309 1572 4355 ex
1619 4290 1942 4356 similibus
1987 4289 2360 4355 notionibus
2406 4292 2734 4374 petuntur,
2777 4286 2965 4351 facile
3008 4305 3153 4370 pro-

535 4379 779 4462 pulsari
847 4384 1131 4462 possunt.
1200 4378 1421 4444 Solent
1489 4381 1661 4445 enim
1730 4379 1919 4444 multi
1985 4382 2077 4446 sic
2144 4379 2594 4463 argumentari.
2662 4376 2732 4441 Si
2793 4377 3010 4441 omnia
3070 4394 3153 4440 ex

538 4469 914 4533 necessitate
979 4468 1454 4553 perfectissimae
1521 4467 1642 4534 Dei
1703 4474 1948 4534 naturae
2008 4473 2163 4533 sunt
2223 4472 2583 4549 consecuta,
2629 4466 2803 4532 unde
2863 4485 3012 4551 ergo
3060 4470 3156 4530 tot

538 4557 1048 4641 imperfectiones
1113 4560 1184 4622 in
1252 4556 1500 4622 Natura
1523 4555 1622 4637 ²)?
1690 4558 2010 4622 Videlicet
2074 4576 2288 4622 rerum
2351 4558 2671 4641 corruptio
2737 4555 2819 4620 ad
2862 4556 3152 4620 foetorem

539 4664 765 4731 usque,
847 4665 1063 4712 rerum
1131 4646 1516 4729 deformitas,
1587 4667 1732 4732 quae
1801 4665 2111 4712 nauseam
2179 4650 2448 4728 moveat,
2513 4644 2826 4728 confusio,
2893 4645 3155 4726 malum,

604 4867 662 4934 1)
701 4866 968 4919 Schmidt:
1002 4867 1135 4920 illae
1165 4881 1344 4920 omncs
1376 4881 1476 4920 eos.
1510 4866 1724 4934 Saisset,
1758 4868 2064 4920 Auerbach:
2098 4868 2232 4920 illae
2262 4883 2349 4921 ωε
2380 4883 2572 4922 omnes.

605 4933 662 5001 2)
696 4934 1017 5001 Corrigenda
1049 4934 1144 4987 Ed.
1177 4935 1264 4988 Pr.
1298 4935 1530 4986 addunt:
1565 4940 1720 4988 οντα».
