3609 5642
1625 512 1707 557 nn
1749 512 1968 557 mm.
3026 494 3109 557 37

481 681 550 742 in
596 678 735 745 Deo
783 681 1078 765 cognitio,
1126 683 1447 763 quatenus
1493 681 1787 743 naturam
1838 678 2136 742 humanae
2181 676 2417 743 Mentis
2464 678 2815 760 constituit,
2853 679 2975 742 hoc
3014 682 3111 744 est

482 774 633 852 (per
683 768 900 834 Coroll.
947 767 1138 852 Prop.
1187 768 1287 832 11.
1335 766 1568 852 hujus),
1614 769 1756 851 ejus
1801 769 1898 832 rei
1936 768 2214 851 cognitio
2255 767 2374 832 erit
2397 768 2756 832 necessario
2782 769 2850 831 in
2876 766 3111 850 Mente,

481 860 619 923 sive
656 858 841 923 Mens
885 859 953 923 id
999 859 1282 943 percipit.
1334 855 1403 935 Q.
1450 856 1527 921 E.
1575 855 1658 920 D.

1560 988 2033 1035 SOHOLIUM.

568 1071 730 1137 Haec
774 1073 1135 1157 Propositio
1181 1075 1351 1154 patet
1397 1073 1585 1135 etiam
1634 1075 1696 1135 et
1742 1071 1977 1134 clarius
2021 1069 2401 1153 intelligitur
2447 1088 2531 1134 ex
2575 1069 2782 1134 Schol.
2822 1069 3010 1155 Prop.
3054 1071 3109 1134 7.

483 1163 694 1245 hujus,
743 1162 914 1245 quod
962 1161 1125 1225 vide.

1297 1256 1998 1324 PROPOSITIO
2089 1257 2274 1322 ΧΠΙ.

577 1373 886 1459 objectum
930 1375 1085 1439 ideoe
1129 1371 1470 1437 humanam
1516 1373 1786 1437 Mentem
1830 1372 2263 1437 constituentis
2303 1377 2395 1436 est
2441 1370 2703 1456 Corpus,
2747 1373 2872 1437 sive
2906 1377 3111 1437 certus

482 1463 884 1529 Extensionis
927 1464 1145 1530 modus
1188 1469 1338 1528 actu
1382 1463 1671 1545 existen-«3,
1716 1468 1776 1527 et
1820 1461 1979 1526 nihil
2023 1459 2221 1525 aliud.

1429 1593 2155 1640 DEMONSTRATIQ

572 1676 641 1742 Si
704 1679 875 1743 enim
925 1676 1171 1762 Corpus
1218 1696 1350 1741 non
1396 1681 1564 1742 esset
1607 1677 1912 1741 humanae
1957 1674 2194 1740 Mentis
2241 1673 2579 1757 objectum,
2623 1673 2785 1739 ideae
2833 1672 3105 1739 affectio-

487 1785 644 1831 num
693 1766 992 1852 Corporis
1039 1787 1168 1832 non
1217 1770 1433 1832 essent
1475 1767 1543 1829 in
1591 1763 1730 1831 Deo
1775 1767 1923 1845 (per
1970 1762 2190 1829 Coroll.
2229 1761 2417 1844 Prop.
2444 1764 2501 1827 9.
2526 1762 2763 1847 hujus),
2787 1767 3107 1846 quatenus

484 1854 763 1921 Mentem
831 1861 1135 1937 nostram,
1182 1856 1296 1920 sed
1343 1860 1663 1939 quatenus
1709 1855 1975 1919 alterius
2025 1855 2121 1918 rei
2165 1857 2442 1918 mentem
2491 1854 2939 1933 constitueret3
2988 1853 3108 1916 hoc

488 1950 585 2009 est
630 1947 777 2029 (per
824 1943 1042 2011 Oorolz.
1088 1944 1279 2028 Pr0p.
1328 1944 1428 2007 11.
1474 1942 1709 2028 hujus),
1755 1944 1917 2008 ideae
1955 1942 2361 2007 affectionum
2403 1941 2702 2025 Corporis
2739 1960 2867 2005 non
2893 1945 3108 2006 essent

483 2035 551 2096 in
619 2039 838 2100 nostra
897 2033 1126 2099 Mente.
1190 2035 1392 2117 Atqui
1439 2036 1587 2113 (per
1630 2032 1876 2097 Axiom,
1923 2031 1982 2095 4.
2019 2029 2235 2116 hujus)
2281 2031 2459 2096 ideas
2503 2030 2909 2095 affectionum
2958 2027 3107 2093 Cor-

483 2125 654 2207 poris
722 2122 1051 2188 habemus.
1122 2122 1296 2206 Ergo
1357 2122 1677 2205 objectum
1721 2121 1887 2186 ideae
1933 2122 2283 2185 humanam
2328 2119 2606 2185 Mentem
2656 2120 3106 2184 constituentis

484 2218 581 2276 est
625 2211 891 2297 CorpuS,
937 2211 1135 2297 idque
1181 2217 1328 2293 (per
1370 2210 1561 2291 Prop.
1610 2211 1712 2274 11.
1760 2208 1972 2295 hujus)
2019 2216 2166 2275 actu
2204 2212 2506 2275 existens.
2545 2207 2811 2286 Deinde,
2848 2210 2907 2273 si
2943 2227 3104 2292 prae-

481 2306 579 2365 ter
648 2300 895 2385 Corpus
955 2304 1145 2365 etiam
1208 2301 1386 2365 aliud
1445 2305 1612 2366 esset
1657 2299 1893 2364 Mentis
1940 2299 2280 2383 objectum,
2324 2319 2472 2364 cum
2519 2299 2681 2361 nihil
2725 2300 2872 2382 (per
2915 2296 3105 2378 Pmp.

485 2389 586 2453 36.
629 2409 690 2470 p.
740 2391 822 2470 1.)
881 2392 1133 2474 existat,
1195 2408 1280 2454 ex
1340 2409 1469 2474 quo
1516 2390 1752 2472 aliquis
1798 2388 2062 2454 effectus
2108 2408 2240 2453 non
2286 2391 2614 2472 sequatur,
2659 2386 2915 2452 deberet
2960 2389 3107 2467 (per

481 2477 676 2564 Prop.
727 2480 828 2544 11.
876 2477 1092 2564 hujus)
1136 2479 1493 2544 necessario
1542 2479 1820 2561 alicujus
1865 2479 2004 2560 ejus
2050 2478 2334 2543 effectus·
2355 2478 2499 2542 idea
2542 2478 2611 2540 in
2649 2475 2865 2541 Mente
2887 2481 3105 2540 nostra

483 2569 658 2649 dari3
706 2570 887 2652 atqui
932 2574 1082 2648 (per
1126 2569 1374 2633 Axima.
1422 2567 1481 2631 5.
1525 2566 1742 2651 hujus)
1787 2567 1970 2631 nulla
2015 2569 2070 2650 ej
2078 2587 2155 2633 us
2193 2566 2337 2632 idea
2361 2567 2564 2631 datur.
2587 2565 2759 2647 Ergo
2784 2565 3101 2649 objectum

477 2662 738 2723 nostrae
783 2657 1020 2724 Mentis
1065 2662 1162 2723 est
1208 2655 1456 2742 Corpus
1502 2658 1811 2740 existenS,
1857 2662 1919 2721 et
1964 2656 2124 2720 nihil
2173 2655 2366 2721 aliud.
2417 2653 2486 2735 Q.
2530 2653 2607 2718 E.
2653 2653 2737 2718 D.

1471 2788 2126 2836 COROLLARIUM.

565 2869 738 2935 Hinc
805 2872 1117 2956 sequitur,
1161 2871 1485 2935 hominem
1532 2869 1750 2935 Mente
1794 2874 1859 2935 et
1906 2868 2181 2955 Corpore
2228 2874 2538 2954 constare,
2584 2873 2647 2935 et
2694 2867 2937 2954 Corpus
2982 2870 3101 2934 hu-

478 2980 761 3044 manum,
805 2966 995 3046 prout
1036 2962 1253 3046 ipsum
1302 2961 1636 3042 sentimus,
1683 2960 1975 3025 existere.

1565 3090 2036 3138 SOHOLIUm

564 3174 669 3238 Ex
734 3175 835 3239 his
901 3195 1031 3240 non
1104 3180 1354 3240 tantum
1422 3175 1865 3259 intelligimus,
1925 3173 2205 3239 Mentem
2267 3175 2616 3238 humanam
2661 3174 2910 3237 unitam
2957 3190 3098 3238 esse

477 3262 757 3348 Corpori,
824 3264 938 3329 sed
998 3265 1207 3350 etiam,
1269 3265 1428 3350 quid
1488 3283 1603 3349 per
1647 3263 1884 3329 Mentis
1929 3269 1992 3329 et
2039 3261 2336 3347 Corporis
2382 3264 2689 3327 unionem
2735 3262 3097 3346 intelligen-

476 3353 632 3417 dum
682 3355 780 3419 sit.
828 3352 1075 3418 Verum
1120 3357 1324 3439 ipsam
1372 3354 1725 3438 adaequate,
1771 3355 1911 3419 sive
1954 3353 2271 3435 distincte,
2308 3352 2666 3437 intelligere
2704 3371 2893 3417 nemo
2918 3356 3096 3435 pote-

476 3443 578 3525 rit,
645 3444 771 3507 nisi
831 3444 1015 3527 prius
1072 3445 1277 3509 nostri
1324 3443 1621 3528 Corporis
1667 3449 1963 3507 naturam
2008 3442 2343 3525 adaequate
2389 3444 2746 3526 cognoscat.
2790 3440 2958 3505 Nam
3003 3459 3097 3522 ea,

476 3550 625 3616 quae
693 3533 1032 3616 hucusque
1101 3532 1520 3616 ostendimuS,
1579 3532 1926 3597 admodum
1974 3532 2340 3596 communia
2386 3535 2556 3613 sunt,
2601 3549 2720 3595 nec
2765 3530 2969 3614 magis
3015 3530 3094 3594 ad

474 3621 765 3687 homines
834 3641 1030 3705 quam
1099 3623 1180 3687 ad
1238 3623 1488 3706 reliqua
1548 3620 1896 3686 Individua
1941 3622 2279 3705 pertinent,
2326 3639 2473 3704 quae
2520 3620 2751 3702 omnia,
2797 3620 3095 3703 quamvis

474 3709 746 3775 diversis
809 3711 1134 3795 gradibus,
1201 3713 1481 3776 animata
1547 3716 1760 3776 tamen
1828 3716 1998 3776 sunt.
2056 3709 2224 3775 Nam
2272 3711 2720 3793 cujuscunque
2765 3711 2860 3774 rei
2906 3707 3096 3771 datur

475 3801 833 3864 necessario
878 3801 948 3864 in
993 3799 1131 3865 Deo
1176 3801 1359 3884 idea,
1381 3802 1568 3884 cujus
1612 3799 1793 3865 Deus
1836 3805 1933 3866 est
1978 3818 2189 3881 causa,
2235 3799 2457 3863 eodem
2502 3799 2692 3863 modo
2732 3817 2805 3861 ac
2827 3798 3096 3861 humani

477 3886 771 3972 Corporis
817 3889 1011 3954 ideae:
1061 3895 1255 3974 atque
1299 3890 1474 3972 adeo,
1520 3889 1827 3973 quicquid
1873 3889 1951 3953 de
1993 3888 2138 3953 idea
2181 3889 2449 3952 humani
2474 3885 2767 3971 Corporis
2790 3886 3094 3968 diximuS,

470 3977 538 4041 id
586 3978 664 4043 de
709 3979 1157 4062 cujuscunque
1200 3981 1297 4045 rei
1338 3979 1483 4044 idea
1527 3980 1886 4044 necessario
1926 3977 2269 4043 dicendum
2293 3982 2406 4043 est.
2431 3979 2734 4041 Attamen
2755 3994 2876 4040 nec
2900 3976 3091 4039 etiam

472 4085 705 4150 negare
771 4087 1135 4152 possumus,
1202 4069 1377 4133 ideas
1443 4069 1613 4132 inter
1679 4087 1765 4150 se,
1825 4073 1899 4133 ut
1957 4069 2096 4151 ipsa
2141 4066 2406 4150 objecta,
2452 4066 2720 4151 differre,
2767 4083 3094 4147 unamque

473 4155 596 4220 alia
655 4160 1164 4240 praestantiorem
1234 4176 1392 4239 esse,
1457 4158 1735 4241 plusque
1793 4157 2099 4222 realitatis
2145 4157 2490 4238 continere,
2535 4158 2724 4240 prout
2771 4153 3092 4236 objectum

474 4247 670 4310 unius
731 4246 974 4329 objecto
1035 4248 1299 4312 alterius
1359 4248 1772 4330 praestantius
1819 4251 1933 4328 est,
1979 4247 2258 4331 plusque
2300 4245 2607 4310 realitatis
2650 4245 2967 4324 continet3
3018 4262 3092 4307 ac

471 4340 804 4418 propterea
874 4336 952 4400 ad
1021 4336 1593 4418 determinandum,
1663 4335 1820 4420 quid
1890 4335 2074 4400 Mens
2141 4336 2426 4399 humana
2493 4334 2763 4417 reliquis
2820 4333 3093 4415 intersit,

473 4423 758 4508 quidque
824 4425 1092 4509 reliquis
1153 4431 1426 4511 praestet,
1470 4444 1732 4490 necesse
1789 4424 1979 4490 nobis
2026 4428 2141 4507 est,
2186 4427 2327 4507 ejus
2375 4421 2623 4506 objecti,
2666 4427 2741 4487 ut
2788 4422 3092 4504 diximuS,

471 4513 593 4576 hoc
653 4518 769 4596 est,
827 4512 1122 4599 Corporis
1169 4516 1436 4579 humani
1481 4520 1777 4580 naturam
1823 4532 2222 4598 cognoscere.
2268 4511 2431 4576 Eam
2477 4517 2693 4577 autem
2739 4512 2842 4574 hic
2888 4510 3091 4596 expli-

470 4620 614 4666 care
681 4621 799 4667 nec
869 4623 1153 4687 possum,
1219 4623 1337 4669 nec
1395 4604 1463 4668 id
1509 4605 1588 4669 ad
1634 4622 1727 4685 ea,
1777 4622 1926 4688 quae
1974 4603 2408 4669 demonstrare
2455 4602 2620 4681 volo,
2665 4619 2930 4665 necesse
2975 4604 3089 4664 est.

469 4688 612 4754 Hoc
658 4695 873 4756 tamen
917 4696 988 4757 in
1033 4711 1267 4777 genere
1312 4693 1472 4776 dico,
1519 4713 1647 4777 quo
1694 4690 1941 4776 Corpus
1987 4692 2251 4776 aliquod
2296 4692 2562 4774 reliquis
2606 4692 2820 4774 aptius
2867 4693 2962 4753 est
3009 4689 3090 4752 ad

472 4779 656 4863 plura
702 4781 891 4845 simul
942 4782 1262 4866 agendum
1308 4783 1411 4846 vel
1457 4782 1847 4867 patiendum,
1893 4800 1967 4846 eo
2013 4783 2153 4864 ejus
2198 4779 2381 4846 Mens
2427 4780 2694 4863 reliquis
2739 4780 2946 4862 aptior
2992 4782 3091 4843 est

473 4868 552 4933 ad
616 4870 806 4952 plura
872 4871 1066 4935 simul
1131 4872 1646 4955 percipiendum3
1694 4876 1757 4936 et
1803 4890 1934 4955 quo
1979 4872 2176 4936 unius
2222 4871 2509 4955 corporis
2554 4870 2838 4934 actiones
2888 4868 3088 4951 magis
